3175 4559
233 329 266 401 p
397 316 905 385 armeniacorum·
927 318 1041 396 [aso.
1054 328 1156 397 acici

233 468 420 563 pmquabat.
460 476 534 531 nola
553 482 619 532 vox
637 466 715 533 citis
736 470 778 533 et
800 470 1009 535 semiim
1029 472 1096 536 iam
1113 474 1305 573 mameluc

235 565 410 628 excitasset
430 554 571 629 vigilem,
593 554 724 617 dicente
746 557 816 617 vix
844 557 1037 619 sustineri
1055 559 1188 636 mandis
1201 560 1305 621 besua
1357 553 1359 710 Ι

238 661 334 722 onas,
356 638 490 720 portula
509 639 658 713 aperitur.
693 640 907 703 inserentes
940 658 1072 719 aprum
1087 644 1302 737 euosiiiivenea

240 737 367 793 secutus
394 728 469 801 ipse
490 736 560 784 curii
581 722 740 797 expedito
764 723 956 789 venatore
981 728 1136 804 vigilem,
1160 728 1304 791 moratiue

241 814 392 875 miraculo
406 804 627 880 magnitudinis
642 806 675 865 in
692 822 757 871 eos
777 811 843 886 qui
861 813 1036 875 terebant
1049 828 1198 889 versum,
1216 815 1301 875 vona

243 900 317 959 bulo
337 892 449 959 traicit.
485 888 620 963 ingressi
641 890 769 953 deinde
794 895 948 971 triginta
967 898 1046 958 sere
1061 899 1176 960 armati
1188 905 1302 961 ceteros

245 982 355 1056 vigiles
376 977 574 1046 obtruncant,
595 974 863 1055 refringuntque
886 988 1035 1058 portam
1062 983 1256 1059 proximama
1274 990 1301 1044 et

246 1076 358 1139 agmen
378 1058 440 1121 sab
458 1056 554 1131 signis
570 1060 743 1121 confestim
759 1062 900 1140 irrupit.
938 1066 1029 1126 inde
1044 1082 1123 1129 cuin
1138 1068 1299 1130 silentioin

247 1149 347 1207 lorum
363 1140 449 1204 ducti
463 1138 626 1201 Hannibali
643 1156 722 1203 sese
739 1148 1019 1211 coniunxerunt
1058 1158 1127 1213 tum
1143 1153 1298 1227 duomilia

248 1230 404 1290 Gallorum
418 1225 541 1285 Poenus
556 1224 587 1282 in
602 1232 668 1287 tres
685 1228 801 1291 divisa
817 1239 939 1307 partes
956 1250 1027 1309 per
1041 1236 1158 1297 urbem
1172 1237 1296 1312 dimittit,

247 1314 397 1385 docesque
424 1312 462 1369 iis
477 1307 569 1367 addit
589 1309 797 1375 Tarentinos.
821 1317 946 1377 itinera
962 1333 1075 1393 quam
1089 1322 1227 1382 maxime
1239 1323 1295 1381 ire·

249 1395 374 1469 quentia-
398 1404 553 1465 occupare
573 1390 674 1469 iubet,
703 1402 849 1459 aimultu
872 1408 951 1462 orto
974 1403 1157 1468 Romanos
1178 1406 1292 1482 passini

249 1478 347 1551 caedi,
363 1474 530 1552 oppidanis
552 1474 650 1549 parci.
686 1480 749 1539 sed
771 1489 812 1542 ut
826 1484 900 1544 ficri
917 1486 956 1545 id
974 1496 1123 1565 posset,
1143 1489 1292 1566 praecipit

248 1562 412 1620 iuvenibus
426 1558 612 1630 Tarentinis,
633 1564 668 1617 ut
687 1561 745 1621 ubi
768 1581 870 1641 quem
893 1586 1049 1633 suorum
1070 1576 1186 1650 procul
1198 1574 1287 1635 iidie·

248 1651 332 1717 sent,
354 1642 516 1719 quiescere
537 1656 574 1701 aa
593 1642 687 1702 silere
708 1659 748 1704 ac
772 1648 865 1711 bono
887 1655 1012 1718 animo
1037 1674 1121 1720 esso
1139 1660 1288 1721 iuberent

247 1726 283 1785 X.
308 1727 602 1792 iomtumultuscrat
614 1726 813 1806 clamorque,
830 1738 942 1809 qualis
956 1755 1049 1801 esse
1060 1741 1096 1803 in
1108 1743 1287 1820 captaurbc
1357 1779 1359 1782 ·

248 1810 347 1881 soleta
366 1812 433 1885 sed,
450 1811 524 1886 quid
533 1810 578 1870 rei
591 1816 802 1906 essetnemo
818 1819 900 1879 satis
917 1838 992 1897 pro
1007 1834 1103 1889 certo
1114 1830 1209 1889 scire.
1230 1828 1285 1888 Ta·
1357 1789 1359 1868 Ῑ

246 1895 358 1954 reatini
367 1896 528 1955 Romanos
548 1892 589 1954 ad
609 1893 821 1966 diripiendam
835 1901 960 1964 iii-bem
979 1911 1126 1973 credere
1141 1919 1283 1979 coortost

247 1977 395 2037 Romanis
417 1976 529 2037 seditio
550 1975 654 2049 aliqua
675 1990 747 2035 oiim
762 1980 885 2049 ,fraude
906 1988 1031 2050 videri
1055 1995 1099 2055 ab
1112 1995 1282 2073 oppidania

245 2065 339 2118 moto.
361 2060 537 2133 praelectus
551 2058 650 2136 primo
665 2060 824 2125 excitatus
837 2072 993 2134 tumultu
1010 2076 1048 2134 in
1063 2087 1194 2152 portum
1205 2078 1280 2139 aiiii·

245 2142 304 2213 git3
327 2142 400 2203 inde
414 2148 561 2218 acceptus
577 2139 695 2215 scaplia
709 2142 742 2202 in
758 2160 865 2210 arcem
881 2152 1165 2223 circumvehitur.
1194 2178 1278 2223 erro·

244 2238 311 2284 ram
331 2230 362 2284 et
380 2225 456 2285 tuba
476 2228 581 2288 audita
601 2240 640 2285 cx
656 2223 779 2289 theatro
795 2232 959 2313 iaciebat,
988 2260 1072 2303 nam
1088 2253 1120 2306 et
1132 2248 1278 2308 Romana

245 2315 319 2383 erat,
338 2324 358 2368 a
371 2307 583 2383 proditoribus
598 2308 638 2369 ad
652 2306 714 2369 hoc
728 2310 833 2387 ipsum
848 2333 1078 2402 praeparata,
1094 2336 1126 2389 ct
1139 2330 1276 2391 inscien-

243 2396 291 2449 ter
305 2409 325 2452 a
339 2386 459 2453 Graec'o
473 2390 589 2471 inlicta,
606 2391 745 2469 quiscat
759 2399 876 2473 quibus
892 2404 1042 2479 signum
1057 2412 1159 2489 daret,
1175 2414 1275 2473 incer·

244 2478 308 2535 tuin
329 2475 493 2536 eliciebat
529 2481 586 2539 ubi
604 2475 717 2550 illuxit,
739 2483 941 2549 etRomanis
958 2490 1095 2555 Punica
1108 2497 1275 2558 otentico
1357 2567 1359 2574 ,

242 2552 329 2617 eima
341 2558 467 2631 cognita
479 2564 545 2620 tuni
560 2558 779 2622 ducilatioiiem
791 2581 1014 2649 exemerunt,
1032 2585 1068 2638 et
1083 2580 1198 2641 Graeci
1209 2582 1272 2642 Ro·
1357 2581 1359 2590 ’

241 2652 350 2711 manos
381 2639 501 2715 passim
532 2646 632 2705 caede
662 2646 773 2705 stratos
803 2662 983 2718 comentes
1019 2661 1065 2721 ab
1093 2662 1273 2726 Hannibale

241 2729 363 2797 captain
384 2723 493 2783 uicem
512 2730 691 2790 senserunt·
717 2734 885 2805 postquam
908 2739 973 2799 lux
992 2746 1119 2807 certior
1132 2754 1218 2822 erat,
1239 2752 1272 2807 et

238 2802 384 2881 Romani,¹
394 2806 446 2882 qui
457 2811 609 2873 caedibus
622 2809 848 2887 superfuerant,
863 2816 897 2876 in
911 2838 1039 2887 arcem
1048 2831 1270 2905 coniiigertnt,

239 2889 525 2963 conticiscebatque
539 2892 690 2969 paulatim
704 2895 857 2970 mmuluis,
873 2906 946 2963 tum
962 2906 1131 2984 Hannibal
1147 2914 1266 2975 Taren·

237 2968 319 3031 linos
334 2973 403 3033 sine
418 2972 511 3034 arans
527 2988 707 3042 convocare
719 2974 809 3037 iubet.
831 2995 1032 3051 convenere
1045 3010 1158 3057 omnes
1170 3013 1266 3072 prae·

235 3054 378 3128 tanquam
397 3056 451 3131 qui
472 3060 622 3128 cedentes
641 3064 678 3125 in
694 3074 797 3120 ¹arcem
810 3061 983 3132 Romanos
1001 3077 1048 3136 ad
1064 3094 1192 3143 omnem
1206 3080 1264 3141 aii·

236 3138 368 3199 eandam
389 3140 478 3201 simul
498 3144 656 3216 fortunam
682 3146 836 3221 persecuti
857 3148 1003 3215 fuerant
1045 3161 1089 3221 ibi
1101 3163 1264 3226 Hannibal

234 3216 367 3297 benigne
387 3224 549 3293 adlocutus
564 3230 755 3306 Tarentinos
772 3234 994 3310 mutusque,
1022 3260 1106 3318 quas
1121 3248 1259 3321 praesti·

233 3300 321 3365 lissei
333 3306 451 3369 civilim
466 3325 595 3401 comm,
611 3334 705 3411 quos
719 3314 760 3375 od
772 3314 1034 3384 trasumennnm
1048 3335 1102 3389 aut
1116 3330 1160 3391 ad
1176 3330 1258 3393 Can·
1352 3331 1359 3398 l

233 3398 286 3445 iias
302 3390 451 3467 cepisset,
471 3395 561 3463 sinici
577 3410 610 3476 in
625 3396 879 3487 dominationem
893 3405 1078 3475 superbam
1092 3412 1253 3475 Romano·
1348 3397 1353 3466 l

233 3481 293 3527 tuin
314 3471 466 3555 invectus,
487 3486 629 3569 iecipffi»e
647 3506 702 3567 ρο
713 3486 745 3546 iii
759 3482 867 3541 domos
881 3494 962 3542 airas
977 3503 1145 3569 quemquo
1159 3496 1257 3559 iussit

233 3554 257 3609 et
276 3550 392 3619 loribus
412 3578 522 3626 nomen
542 3588 637 3659 suum
663 3566 858 3645 incombere*
879 3576 917 3621 ⁸0
932 3565 1056 3635 dm
1069 3590 1145 3651 ωε,
1163 3593 1251 3658 quw
