<?xml version="1.0" encoding="UTF-8"?>
<!DOCTYPE html PUBLIC "-//W3C//DTD XHTML 1.0 Transitional//EN"
    "http://www.w3.org/TR/xhtml1/DTD/xhtml1-transitional.dtd">
<html xmlns="http://www.w3.org/1999/xhtml" xml:lang="en" lang="en">
 <head>
  <title>
</title>
<meta http-equiv="Content-Type" content="text/html;charset=utf-8" />
  <meta name='ocr-system' content='tesseract 3.04.00' />
  <meta name='ocr-capabilities' content='ocr_page ocr_carea ocr_par ocr_line ocrx_word'/>
</head>
<body>
  <div class='ocr_page' id='page_1' title='image "./titiliviaburbec04weisgoog_0178.png"; bbox 0 0 3175 4559; ppageno 0'>
   <div class='ocr_carea' id='block_1_1' title="bbox 254 370 1184 471">
    <p class='ocr_par' dir='ltr' id='par_1_1' title="bbox 254 370 1184 471">
     <span class='ocr_line' id='line_1_1' title="bbox 254 370 1184 471; baseline -0.059 3"><span class='ocrx_word' id='word_1_1' title='bbox 254 409 272 471; x_wconf 78' lang='lat' dir='ltr'><strong>t</strong></span> <span class='ocrx_word' id='word_1_2' title='bbox 353 402 468 469; x_wconf 78' lang='lat' dir='ltr'><strong>unna</strong></span> <span class='ocrx_word' id='word_1_3' title='bbox 480 392 603 460; x_wconf 79' lang='lat' dir='ltr'><strong>xxvr.</strong></span> <span class='ocrx_word' id='word_1_4' title='bbox 629 387 731 452; x_wconf 74' lang='lat' dir='ltr'><strong>cac.</strong></span> <span class='ocrx_word' id='word_1_5' title='bbox 749 391 812 447; x_wconf 79' lang='lat' dir='ltr'><strong>so.</strong></span> <span class='ocrx_word' id='word_1_6' title='bbox 832 387 892 442; x_wconf 80' lang='lat'><strong>51.</strong></span> <span class='ocrx_word' id='word_1_7' title='bbox 921 370 975 452; x_wconf 64' lang='grc' dir='ltr'><strong>[ιι.</strong></span> <span class='ocrx_word' id='word_1_8' title='bbox 993 370 1100 429; x_wconf 63' lang='lat' dir='ltr'><strong>ue.</strong></span> <span class='ocrx_word' id='word_1_9' title='bbox 1119 380 1184 454; x_wconf 74' lang='lat' dir='ltr'><strong>so]</strong></span> 
     </span>
    </p>
   </div>
   <div class='ocr_carea' id='block_1_2' title="bbox 254 521 1333 3181">
    <p class='ocr_par' dir='ltr' id='par_1_2' title="bbox 254 521 1333 3181">
     <span class='ocr_line' id='line_1_2' title="bbox 254 521 1299 629; baseline -0.007 -18"><span class='ocrx_word' id='word_1_10' title='bbox 254 561 374 628; x_wconf 77' lang='lat' dir='ltr'><strong>acepta</strong></span> <span class='ocrx_word' id='word_1_11' title='bbox 387 550 570 613; x_wconf 84' lang='lat' dir='ltr'><strong>amilitibus</strong></span> <span class='ocrx_word' id='word_1_12' title='bbox 584 538 716 603; x_wconf 85' lang='lat' dir='ltr'><strong>nostris</strong></span> <span class='ocrx_word' id='word_1_13' title='bbox 735 532 791 595; x_wconf 80' lang='lat' dir='ltr'><strong>ad</strong></span> <span class='ocrx_word' id='word_1_14' title='bbox 812 544 881 593; x_wconf 85' lang='lat' dir='ltr'><strong>me</strong></span> <span class='ocrx_word' id='word_1_15' title='bbox 902 521 1024 586; x_wconf 72' lang='lat' dir='ltr'><strong>dueta</strong></span> <span class='ocrx_word' id='word_1_16' title='bbox 1040 530 1161 603; x_wconf 61' lang='lat' dir='ltr'><strong>ossei</strong></span> <span class='ocrx_word' id='word_1_17' title='bbox 1181 530 1299 629; x_wconf 49' lang='lat' dir='ltr'><strong>addititii</strong></span> 
     </span>
     <span class='ocr_line' id='line_1_3' title="bbox 254 602 1300 713; baseline -0.012 -23"><span class='ocrx_word' id='word_1_18' title='bbox 254 648 284 691; x_wconf 79' lang='lat' dir='ltr'><strong>re</strong></span> <span class='ocrx_word' id='word_1_19' title='bbox 297 635 351 694; x_wconf 88' lang='lat' dir='ltr'><strong>tibi</strong></span> <span class='ocrx_word' id='word_1_20' title='bbox 364 648 432 694; x_wconf 87' lang='lat' dir='ltr'><strong>eam</strong></span> <span class='ocrx_word' id='word_1_21' title='bbox 443 633 533 693; x_wconf 84' lang='lat' dir='ltr'><strong>cordi</strong></span> <span class='ocrx_word' id='word_1_22' title='bbox 549 640 635 698; x_wconf 80' lang='lat' dir='ltr'><strong>esse,</strong></span> <span class='ocrx_word' id='word_1_23' title='bbox 652 626 689 683; x_wconf 91' lang='lat' dir='ltr'><strong>et</strong></span> <span class='ocrx_word' id='word_1_24' title='bbox 701 622 839 680; x_wconf 83' lang='lat' dir='ltr'><strong>forma</strong></span> <span class='ocrx_word' id='word_1_25' title='bbox 853 611 1005 707; x_wconf 75' lang='lat' dir='ltr'><strong>iaceret</strong></span> <span class='ocrx_word' id='word_1_26' title='bbox 1023 602 1155 685; x_wconf 85' lang='lat' dir='ltr'><strong>fidem,</strong></span> <span class='ocrx_word' id='word_1_27' title='bbox 1170 630 1300 713; x_wconf 24' lang='lat' dir='ltr'><strong>quatross</strong></span> 
     </span>
     <span class='ocr_line' id='line_1_4' title="bbox 265 698 1333 781; baseline -0.007 -12"><span class='ocrx_word' id='word_1_28' title='bbox 265 716 325 775; x_wconf 82' lang='lat' dir='ltr'><strong>nni</strong></span> <span class='ocrx_word' id='word_1_29' title='bbox 338 717 444 775; x_wconf 76' lang='lat' dir='ltr'><strong>tiosrst</strong></span> <span class='ocrx_word' id='word_1_30' title='bbox 455 718 532 777; x_wconf 72' lang='lat' dir='ltr'><strong>tudo</strong></span> <span class='ocrx_word' id='word_1_31' title='bbox 548 708 679 781; x_wconf 78' lang='lat' dir='ltr'><strong>aetatis,</strong></span> <span class='ocrx_word' id='word_1_32' title='bbox 707 702 954 780; x_wconf 82' lang='lat' dir='ltr'><strong>praesertim</strong></span> <span class='ocrx_word' id='word_1_33' title='bbox 968 706 1009 751; x_wconf 86' lang='lat' dir='ltr'><strong>ru</strong></span> <span class='ocrx_word' id='word_1_34' title='bbox 1025 698 1138 755; x_wconf 71' lang='lat' dir='ltr'><strong>recto</strong></span> <span class='ocrx_word' id='word_1_35' title='bbox 1153 704 1180 756; x_wconf 86' lang='lat' dir='ltr'><strong>et</strong></span> <span class='ocrx_word' id='word_1_36' title='bbox 1191 698 1299 775; x_wconf 72' lang='lat' dir='ltr'><strong>tegruno</strong></span> <span class='ocrx_word' id='word_1_37' title='bbox 1332 753 1333 773; x_wconf 26' lang='lat' dir='ltr'><strong>s</strong></span> 
     </span>
     <span class='ocr_line' id='line_1_5' title="bbox 254 780 1333 875; baseline -0.01 -20"><span class='ocrx_word' id='word_1_38' title='bbox 254 810 345 870; x_wconf 87' lang='lat' dir='ltr'><strong>noro,</strong></span> <span class='ocrx_word' id='word_1_39' title='bbox 365 805 395 857; x_wconf 89' lang='lat' dir='ltr'><strong>et</strong></span> <span class='ocrx_word' id='word_1_40' title='bbox 415 814 480 858; x_wconf 92' lang='lat' dir='ltr'><strong>non</strong></span> <span class='ocrx_word' id='word_1_41' title='bbox 495 813 546 857; x_wconf 85' lang='lat' dir='ltr'><strong>rcs</strong></span> <span class='ocrx_word' id='word_1_42' title='bbox 562 791 696 871; x_wconf 81' lang='lat' dir='ltr'><strong>publica</strong></span> <span class='ocrx_word' id='word_1_43' title='bbox 719 785 907 845; x_wconf 85' lang='lat' dir='ltr'><strong>animum</strong></span> <span class='ocrx_word' id='word_1_44' title='bbox 933 780 1114 875; x_wconf 63' lang='lat' dir='ltr'><strong>nostrunn</strong></span> <span class='ocrx_word' id='word_1_45' title='bbox 1134 790 1297 858; x_wconf 83' lang='lat' dir='ltr'><strong>occupasset,</strong></span> <span class='ocrx_word' id='word_1_46' title='bbox 1332 788 1333 799; x_wconf 59' lang='lat'>¹</span> 
     </span>
     <span class='ocr_line' id='line_1_6' title="bbox 254 864 1297 955; baseline -0.005 -20"><span class='ocrx_word' id='word_1_47' title='bbox 254 878 347 937; x_wconf 72' lang='lat' dir='ltr'><strong>eniam</strong></span> <span class='ocrx_word' id='word_1_48' title='bbox 361 880 435 939; x_wconf 80' lang='lat' dir='ltr'><strong>milii</strong></span> <span class='ocrx_word' id='word_1_49' title='bbox 450 881 520 942; x_wconf 79' lang='lat' dir='ltr'><strong>dari</strong></span> <span class='ocrx_word' id='word_1_50' title='bbox 535 887 691 955; x_wconf 77' lang='lat' dir='ltr'><strong>sponsam</strong></span> <span class='ocrx_word' id='word_1_51' title='bbox 708 865 944 944; x_wconf 86' lang='lat' dir='ltr'><strong>impensius</strong></span> <span class='ocrx_word' id='word_1_52' title='bbox 964 866 1104 921; x_wconf 79' lang='lat' dir='ltr'><strong>amanti</strong></span> <span class='ocrx_word' id='word_1_53' title='bbox 1125 864 1232 938; x_wconf 80' lang='lat' dir='ltr'><strong>vellem,</strong></span> <span class='ocrx_word' id='word_1_54' title='bbox 1250 873 1297 943; x_wconf 85' lang='lat' dir='ltr'><strong>tua,</strong></span> 
     </span>
     <span class='ocr_line' id='line_1_7' title="bbox 254 948 1298 1039; baseline -0.011 -17"><span class='ocrx_word' id='word_1_55' title='bbox 254 958 316 1019; x_wconf 80' lang='lat' dir='ltr'><strong>iius</strong></span> <span class='ocrx_word' id='word_1_56' title='bbox 335 977 486 1039; x_wconf 84' lang='lat' dir='ltr'><strong>possam,</strong></span> <span class='ocrx_word' id='word_1_57' title='bbox 516 960 613 1023; x_wconf 83' lang='lat' dir='ltr'><strong>cruori</strong></span> <span class='ocrx_word' id='word_1_58' title='bbox 632 958 758 1017; x_wconf 77' lang='lat' dir='ltr'><strong>faveo.</strong></span> <span class='ocrx_word' id='word_1_59' title='bbox 821 948 899 1008; x_wconf 79' lang='lat' dir='ltr'><strong>tuit</strong></span> <span class='ocrx_word' id='word_1_60' title='bbox 923 954 1063 1021; x_wconf 75' lang='lat' dir='ltr'><strong>sponsu</strong></span> <span class='ocrx_word' id='word_1_61' title='bbox 1093 950 1153 1007; x_wconf 87' lang='lat' dir='ltr'><strong>tua</strong></span> <span class='ocrx_word' id='word_1_62' title='bbox 1172 950 1246 1023; x_wconf 88' lang='lat' dir='ltr'><strong>apud</strong></span> <span class='ocrx_word' id='word_1_63' title='bbox 1261 966 1298 1010; x_wconf 85' lang='lat' dir='ltr'><strong>nc</strong></span> 
     </span>
     <span class='ocr_line' id='line_1_8' title="bbox 254 1035 1295 1122; baseline -0.005 -25"><span class='ocrx_word' id='word_1_64' title='bbox 254 1040 336 1099; x_wconf 75' lang='lat' dir='ltr'><strong>idem</strong></span> <span class='ocrx_word' id='word_1_65' title='bbox 352 1059 413 1116; x_wconf 90' lang='lat' dir='ltr'><strong>qua</strong></span> <span class='ocrx_word' id='word_1_66' title='bbox 427 1047 520 1119; x_wconf 86' lang='lat' dir='ltr'><strong>apud</strong></span> <span class='ocrx_word' id='word_1_67' title='bbox 531 1056 661 1106; x_wconf 79' lang='lat' dir='ltr'><strong>soceros</strong></span> <span class='ocrx_word' id='word_1_68' title='bbox 675 1045 769 1097; x_wconf 87' lang='lat' dir='ltr'><strong>tuos</strong></span> <span class='ocrx_word' id='word_1_69' title='bbox 785 1035 1051 1122; x_wconf 78' lang='lat' dir='ltr'><strong>parentesque</strong></span> <span class='ocrx_word' id='word_1_70' title='bbox 1072 1042 1160 1091; x_wconf 84' lang='lat' dir='ltr'><strong>suos</strong></span> <span class='ocrx_word' id='word_1_71' title='bbox 1176 1048 1295 1092; x_wconf 87' lang='lat' dir='ltr'><strong>verecun-</strong></span> 
     </span>
     <span class='ocr_line' id='line_1_9' title="bbox 259 1111 1296 1199; baseline -0.003 -21"><span class='ocrx_word' id='word_1_72' title='bbox 259 1136 292 1189; x_wconf 82' lang='lat' dir='ltr'><strong>a;</strong></span> <span class='ocrx_word' id='word_1_73' title='bbox 315 1132 441 1185; x_wconf 82' lang='lat' dir='ltr'><strong>servata</strong></span> <span class='ocrx_word' id='word_1_74' title='bbox 462 1129 523 1189; x_wconf 88' lang='lat' dir='ltr'><strong>tibi</strong></span> <span class='ocrx_word' id='word_1_75' title='bbox 543 1134 609 1199; x_wconf 84' lang='lat' dir='ltr'><strong>est,</strong></span> <span class='ocrx_word' id='word_1_76' title='bbox 628 1130 666 1183; x_wconf 90' lang='lat' dir='ltr'><strong>ut</strong></span> <span class='ocrx_word' id='word_1_77' title='bbox 685 1118 931 1179; x_wconf 86' lang='lat' dir='ltr'><strong>inviolatum</strong></span> <span class='ocrx_word' id='word_1_78' title='bbox 958 1119 994 1172; x_wconf 89' lang='lat' dir='ltr'><strong>et</strong></span> <span class='ocrx_word' id='word_1_79' title='bbox 1009 1111 1153 1199; x_wconf 71' lang='lat' dir='ltr'><strong>dignum</strong></span> <span class='ocrx_word' id='word_1_80' title='bbox 1166 1124 1296 1192; x_wconf 86' lang='lat' dir='ltr'><strong>methuo</strong></span> 
     </span>
     <span class='ocr_line' id='line_1_10' title="bbox 254 1196 1294 1287; baseline 0.002 -28"><span class='ocrx_word' id='word_1_81' title='bbox 254 1203 292 1260; x_wconf 84' lang='lat' dir='ltr'><strong>ui</strong></span> <span class='ocrx_word' id='word_1_82' title='bbox 312 1206 368 1267; x_wconf 88' lang='lat' dir='ltr'><strong>tibi</strong></span> <span class='ocrx_word' id='word_1_83' title='bbox 388 1208 514 1271; x_wconf 90' lang='lat' dir='ltr'><strong>donum</strong></span> <span class='ocrx_word' id='word_1_84' title='bbox 534 1213 655 1287; x_wconf 86' lang='lat' dir='ltr'><strong>posset.</strong></span> <span class='ocrx_word' id='word_1_85' title='bbox 695 1202 807 1261; x_wconf 75' lang='lat' dir='ltr'><strong>hene</strong></span> <span class='ocrx_word' id='word_1_86' title='bbox 837 1196 1048 1259; x_wconf 79' lang='lat' dir='ltr'><strong>mercedem</strong></span> <span class='ocrx_word' id='word_1_87' title='bbox 1081 1212 1181 1258; x_wconf 81' lang='lat' dir='ltr'><strong>unani</strong></span> <span class='ocrx_word' id='word_1_88' title='bbox 1199 1216 1248 1275; x_wconf 87' lang='lat' dir='ltr'><strong>pro</strong></span> <span class='ocrx_word' id='word_1_89' title='bbox 1266 1216 1294 1261; x_wconf 90' lang='lat' dir='ltr'><strong>eo</strong></span> 
     </span>
     <span class='ocr_line' id='line_1_11' title="bbox 255 1281 1293 1368; baseline 0.001 -26"><span class='ocrx_word' id='word_1_90' title='bbox 255 1300 351 1348; x_wconf 86' lang='lat' dir='ltr'><strong>unere</strong></span> <span class='ocrx_word' id='word_1_91' title='bbox 371 1292 542 1368; x_wconf 83' lang='lat' dir='ltr'><strong>paciscor,</strong></span> <span class='ocrx_word' id='word_1_92' title='bbox 565 1291 685 1352; x_wconf 86' lang='lat' dir='ltr'><strong>amicus</strong></span> <span class='ocrx_word' id='word_1_93' title='bbox 710 1284 877 1360; x_wconf 82' lang='lat' dir='ltr'><strong>populo</strong></span> <span class='ocrx_word' id='word_1_94' title='bbox 896 1282 1055 1343; x_wconf 78' lang='lat' dir='ltr'><strong>Romano</strong></span> <span class='ocrx_word' id='word_1_95' title='bbox 1086 1281 1153 1355; x_wconf 84' lang='lat' dir='ltr'><strong>sis,</strong></span> <span class='ocrx_word' id='word_1_96' title='bbox 1177 1282 1240 1345; x_wconf 82' lang='lat' dir='ltr'><strong>etsi</strong></span> <span class='ocrx_word' id='word_1_97' title='bbox 1257 1298 1293 1343; x_wconf 90' lang='lat' dir='ltr'><strong>nc</strong></span> 
     </span>
     <span class='ocr_line' id='line_1_12' title="bbox 254 1368 1294 1443; baseline -0.001 -15"><span class='ocrx_word' id='word_1_98' title='bbox 254 1380 320 1428; x_wconf 84' lang='lat' dir='ltr'><strong>rum</strong></span> <span class='ocrx_word' id='word_1_99' title='bbox 340 1370 461 1433; x_wconf 90' lang='lat' dir='ltr'><strong>bonum</strong></span> <span class='ocrx_word' id='word_1_100' title='bbox 490 1377 597 1437; x_wconf 85' lang='lat' dir='ltr'><strong>credis</strong></span> <span class='ocrx_word' id='word_1_101' title='bbox 622 1384 718 1440; x_wconf 83' lang='lat' dir='ltr'><strong>esse,</strong></span> <span class='ocrx_word' id='word_1_102' title='bbox 761 1368 916 1441; x_wconf 79' lang='lat' dir='ltr'><strong>quales</strong></span> <span class='ocrx_word' id='word_1_103' title='bbox 943 1370 1081 1441; x_wconf 81' lang='lat' dir='ltr'><strong>putrem</strong></span> <span class='ocrx_word' id='word_1_104' title='bbox 1114 1372 1294 1443; x_wconf 78' lang='lat' dir='ltr'>patruumque</span> 
     </span>
     <span class='ocr_line' id='line_1_13' title="bbox 254 1448 1292 1532; baseline 0.004 -27"><span class='ocrx_word' id='word_1_105' title='bbox 254 1461 321 1511; x_wconf 84' lang='lat' dir='ltr'><strong>eum</strong></span> <span class='ocrx_word' id='word_1_106' title='bbox 335 1453 399 1515; x_wconf 88' lang='lat' dir='ltr'><strong>ium</strong></span> <span class='ocrx_word' id='word_1_107' title='bbox 414 1464 495 1518; x_wconf 88' lang='lat' dir='ltr'><strong>ante</strong></span> <span class='ocrx_word' id='word_1_108' title='bbox 510 1461 572 1521; x_wconf 80' lang='lat' dir='ltr'><strong>hae</strong></span> <span class='ocrx_word' id='word_1_109' title='bbox 585 1462 701 1532; x_wconf 73' lang='lat' dir='ltr'><strong>gentes</strong></span> <span class='ocrx_word' id='word_1_110' title='bbox 718 1458 885 1525; x_wconf 82' lang='lat' dir='ltr'><strong>norant,</strong></span> <span class='ocrx_word' id='word_1_111' title='bbox 911 1450 1005 1511; x_wconf 78' lang='lat' dir='ltr'><strong>scias</strong></span> <span class='ocrx_word' id='word_1_112' title='bbox 1021 1448 1150 1511; x_wconf 86' lang='lat' dir='ltr'><strong>multos</strong></span> <span class='ocrx_word' id='word_1_113' title='bbox 1163 1450 1250 1511; x_wconf 88' lang='lat' dir='ltr'><strong>nostri</strong></span> <span class='ocrx_word' id='word_1_114' title='bbox 1261 1452 1292 1510; x_wconf 89' lang='lat' dir='ltr'><strong>si·</strong></span> 
     </span>
     <span class='ocr_line' id='line_1_14' title="bbox 254 1527 1293 1606; baseline -0.001 -13"><span class='ocrx_word' id='word_1_115' title='bbox 254 1527 306 1593; x_wconf 71' lang='lat' dir='ltr'><strong>iles</strong></span> <span class='ocrx_word' id='word_1_116' title='bbox 326 1536 359 1597; x_wconf 92' lang='lat' dir='ltr'><strong>in</strong></span> <span class='ocrx_word' id='word_1_117' title='bbox 376 1540 512 1602; x_wconf 83' lang='lat' dir='ltr'><strong>civitate</strong></span> <span class='ocrx_word' id='word_1_118' title='bbox 526 1543 677 1602; x_wconf 83' lang='lat' dir='ltr'><strong>Romana</strong></span> <span class='ocrx_word' id='word_1_119' title='bbox 691 1549 805 1606; x_wconf 84' lang='lat' dir='ltr'><strong>esse,</strong></span> <span class='ocrx_word' id='word_1_120' title='bbox 838 1549 916 1595; x_wconf 88' lang='lat' dir='ltr'><strong>nec</strong></span> <span class='ocrx_word' id='word_1_121' title='bbox 941 1533 1042 1594; x_wconf 89' lang='lat' dir='ltr'><strong>ullum</strong></span> <span class='ocrx_word' id='word_1_122' title='bbox 1057 1530 1099 1592; x_wconf 90' lang='lat' dir='ltr'><strong>in</strong></span> <span class='ocrx_word' id='word_1_123' title='bbox 1118 1534 1203 1594; x_wconf 78' lang='lat' dir='ltr'><strong>terris</strong></span> <span class='ocrx_word' id='word_1_124' title='bbox 1216 1534 1293 1594; x_wconf 89' lang='lat' dir='ltr'><strong>hodie</strong></span> 
     </span>
     <span class='ocr_line' id='line_1_15' title="bbox 256 1616 1292 1699; baseline -0.008 -16"><span class='ocrx_word' id='word_1_125' title='bbox 256 1616 368 1683; x_wconf 76' lang='lat' dir='ltr'><strong>pulum</strong></span> <span class='ocrx_word' id='word_1_126' title='bbox 384 1623 452 1681; x_wconf 92' lang='lat' dir='ltr'><strong>dici</strong></span> <span class='ocrx_word' id='word_1_127' title='bbox 465 1640 579 1699; x_wconf 87' lang='lat' dir='ltr'><strong>posse,</strong></span> <span class='ocrx_word' id='word_1_128' title='bbox 596 1634 699 1695; x_wconf 85' lang='lat' dir='ltr'><strong>quem</strong></span> <span class='ocrx_word' id='word_1_129' title='bbox 713 1617 853 1677; x_wconf 88' lang='lat' dir='ltr'><strong>minus</strong></span> <span class='ocrx_word' id='word_1_130' title='bbox 870 1618 938 1679; x_wconf 85' lang='lat' dir='ltr'><strong>tibi</strong></span> <span class='ocrx_word' id='word_1_131' title='bbox 949 1618 1083 1677; x_wconf 79' lang='lat' dir='ltr'>hostem</span> <span class='ocrx_word' id='word_1_132' title='bbox 1101 1617 1222 1693; x_wconf 87' lang='lat' dir='ltr'><strong>tuisque</strong></span> <span class='ocrx_word' id='word_1_133' title='bbox 1234 1630 1292 1677; x_wconf 85' lang='lat' dir='ltr'><strong>csso</strong></span> 
     </span>
     <span class='ocr_line' id='line_1_16' title="bbox 254 1692 1292 1777; baseline 0.003 -18"><span class='ocrx_word' id='word_1_134' title='bbox 254 1692 289 1753; x_wconf 73' lang='lat' dir='ltr'><strong>lis</strong></span> <span class='ocrx_word' id='word_1_135' title='bbox 301 1708 359 1761; x_wconf 87' lang='lat' dir='ltr'><strong>aut</strong></span> <span class='ocrx_word' id='word_1_136' title='bbox 371 1706 517 1766; x_wconf 86' lang='lat' dir='ltr'><strong>amicum</strong></span> <span class='ocrx_word' id='word_1_137' title='bbox 529 1705 663 1765; x_wconf 80' lang='lat' dir='ltr'><strong>malis“.</strong></span> <span class='ocrx_word' id='word_1_138' title='bbox 693 1700 933 1762; x_wconf 80' lang='lat' dir='ltr'><strong>adolescens</strong></span> <span class='ocrx_word' id='word_1_139' title='bbox 946 1701 1041 1763; x_wconf 89' lang='lat' dir='ltr'><strong>simui</strong></span> <span class='ocrx_word' id='word_1_140' title='bbox 1052 1702 1185 1775; x_wconf 87' lang='lat' dir='ltr'><strong>pudore</strong></span> <span class='ocrx_word' id='word_1_141' title='bbox 1195 1709 1292 1777; x_wconf 72' lang='lat' dir='ltr'><strong>ctgsu·</strong></span> 
     </span>
     <span class='ocr_line' id='line_1_17' title="bbox 254 1783 1290 1864; baseline -0.001 -21"><span class='ocrx_word' id='word_1_142' title='bbox 254 1785 456 1864; x_wconf 64' lang='lat' dir='ltr'><strong>⁸perfusus,</strong></span> <span class='ocrx_word' id='word_1_143' title='bbox 483 1790 639 1854; x_wconf 84' lang='lat' dir='ltr'><strong>dextram</strong></span> <span class='ocrx_word' id='word_1_144' title='bbox 655 1784 852 1859; x_wconf 85' lang='lat' dir='ltr'><strong>Scipionis</strong></span> <span class='ocrx_word' id='word_1_145' title='bbox 873 1792 1012 1859; x_wconf 84' lang='lat' dir='ltr'><strong>tenens,</strong></span> <span class='ocrx_word' id='word_1_146' title='bbox 1034 1783 1127 1846; x_wconf 88' lang='lat' dir='ltr'><strong>deos</strong></span> <span class='ocrx_word' id='word_1_147' title='bbox 1142 1799 1243 1847; x_wconf 78' lang='lat' dir='ltr'><strong>omncs</strong></span> <span class='ocrx_word' id='word_1_148' title='bbox 1255 1784 1290 1843; x_wconf 91' lang='lat' dir='ltr'><strong>in·</strong></span> 
     </span>
     <span class='ocr_line' id='line_1_18' title="bbox 254 1864 1291 1947; baseline -0.003 -21"><span class='ocrx_word' id='word_1_149' title='bbox 254 1872 319 1926; x_wconf 66' lang='lat' dir='ltr'><strong>iure</strong></span> <span class='ocrx_word' id='word_1_150' title='bbox 344 1871 395 1930; x_wconf 88' lang='lat' dir='ltr'><strong>ad</strong></span> <span class='ocrx_word' id='word_1_151' title='bbox 419 1873 558 1947; x_wconf 84' lang='lat' dir='ltr'><strong>gratiam</strong></span> <span class='ocrx_word' id='word_1_152' title='bbox 580 1870 634 1931; x_wconf 89' lang='lat' dir='ltr'><strong>iiii</strong></span> <span class='ocrx_word' id='word_1_153' title='bbox 651 1883 715 1944; x_wconf 84' lang='lat' dir='ltr'><strong>pro</strong></span> <span class='ocrx_word' id='word_1_154' title='bbox 733 1882 778 1927; x_wconf 89' lang='lat' dir='ltr'><strong>se</strong></span> <span class='ocrx_word' id='word_1_155' title='bbox 807 1868 1049 1943; x_wconf 78' lang='lat' dir='ltr'><strong>referendam,</strong></span> <span class='ocrx_word' id='word_1_156' title='bbox 1077 1869 1225 1944; x_wconf 83' lang='lat' dir='ltr'><strong>quonian</strong></span> <span class='ocrx_word' id='word_1_157' title='bbox 1243 1864 1291 1927; x_wconf 85' lang='lat' dir='ltr'><strong>sibi</strong></span> 
     </span>
     <span class='ocr_line' id='line_1_19' title="bbox 254 1951 1290 2028; baseline 0.005 -19"><span class='ocrx_word' id='word_1_158' title='bbox 254 1959 420 2025; x_wconf 63' lang='lat' dir='ltr'><strong>‘uuquam</strong></span> <span class='ocrx_word' id='word_1_159' title='bbox 434 1954 518 2015; x_wconf 79' lang='lat' dir='ltr'><strong>selis</strong></span> <span class='ocrx_word' id='word_1_160' title='bbox 529 1951 707 2013; x_wconf 69' lang='lat' dir='ltr'><strong>inculcatis</strong></span> <span class='ocrx_word' id='word_1_161' title='bbox 721 1966 791 2025; x_wconf 82' lang='lat' dir='ltr'><strong>pro</strong></span> <span class='ocrx_word' id='word_1_162' title='bbox 810 1966 889 2012; x_wconf 85' lang='lat' dir='ltr'><strong>suo</strong></span> <span class='ocrx_word' id='word_1_163' title='bbox 902 1953 1011 2013; x_wconf 84' lang='lat' dir='ltr'><strong>animo</strong></span> <span class='ocrx_word' id='word_1_164' title='bbox 1023 1957 1128 2028; x_wconf 85' lang='lat' dir='ltr'><strong>utque</strong></span> <span class='ocrx_word' id='word_1_165' title='bbox 1141 1952 1219 2013; x_wconf 87' lang='lat' dir='ltr'><strong>iilius</strong></span> <span class='ocrx_word' id='word_1_166' title='bbox 1229 1964 1290 2025; x_wconf 77' lang='lat' dir='ltr'><strong>crgt</strong></span> 
     </span>
     <span class='ocr_line' id='line_1_20' title="bbox 254 2032 1289 2112; baseline 0.003 -24"><span class='ocrx_word' id='word_1_167' title='bbox 254 2041 349 2093; x_wconf 69' lang='lat' dir='ltr'><strong>*sset</strong></span> <span class='ocrx_word' id='word_1_168' title='bbox 375 2043 541 2110; x_wconf 80' lang='lat' dir='ltr'><strong>parentes</strong></span> <span class='ocrx_word' id='word_1_169' title='bbox 557 2035 647 2094; x_wconf 90' lang='lat' dir='ltr'><strong>inde</strong></span> <span class='ocrx_word' id='word_1_170' title='bbox 660 2034 894 2109; x_wconf 77' lang='lat' dir='ltr'><strong>cognatique</strong></span> <span class='ocrx_word' id='word_1_171' title='bbox 905 2035 1040 2112; x_wconf 76' lang='lat' dir='ltr'><strong>virginis</strong></span> <span class='ocrx_word' id='word_1_172' title='bbox 1055 2036 1222 2112; x_wconf 63' lang='lat' dir='ltr'><strong>appellata</strong></span> <span class='ocrx_word' id='word_1_173' title='bbox 1238 2032 1289 2109; x_wconf 87' lang='lat' dir='ltr'><strong>qui,</strong></span> 
     </span>
     <span class='ocr_line' id='line_1_21' title="bbox 254 2113 1289 2197; baseline 0.005 -27"><span class='ocrx_word' id='word_1_174' title='bbox 254 2113 349 2175; x_wconf 84' lang='lat' dir='ltr'><strong>riam</strong></span> <span class='ocrx_word' id='word_1_175' title='bbox 364 2118 487 2192; x_wconf 74' lang='lat' dir='ltr'><strong>gratis</strong></span> <span class='ocrx_word' id='word_1_176' title='bbox 497 2117 559 2177; x_wconf 89' lang='lat' dir='ltr'><strong>sibi</strong></span> <span class='ocrx_word' id='word_1_177' title='bbox 571 2118 791 2178; x_wconf 83' lang='lat' dir='ltr'><strong>redderetur</strong></span> <span class='ocrx_word' id='word_1_178' title='bbox 804 2119 916 2196; x_wconf 79' lang='lat' dir='ltr'><strong>virgo</strong></span> <span class='ocrx_word' id='word_1_179' title='bbox 930 2120 1079 2197; x_wconf 80' lang='lat' dir='ltr'><strong>adquam</strong></span> <span class='ocrx_word' id='word_1_180' title='bbox 1090 2118 1289 2181; x_wconf 86' lang='lat' dir='ltr'><strong>redimendam</strong></span> 
     </span>
     <span class='ocr_line' id='line_1_22' title="bbox 273 2199 1287 2281; baseline 0.005 -25"><span class='ocrx_word' id='word_1_181' title='bbox 273 2214 474 2274; x_wconf 81' lang='lat' dir='ltr'><strong>magnum</strong></span> <span class='ocrx_word' id='word_1_182' title='bbox 492 2199 695 2261; x_wconf 79' lang='lat' dir='ltr'><strong>attulissent</strong></span> <span class='ocrx_word' id='word_1_183' title='bbox 716 2202 796 2261; x_wconf 87' lang='lat' dir='ltr'><strong>auri</strong></span> <span class='ocrx_word' id='word_1_184' title='bbox 817 2204 979 2280; x_wconf 88' lang='lat' dir='ltr'><strong>pandus,</strong></span> <span class='ocrx_word' id='word_1_185' title='bbox 1002 2219 1099 2265; x_wconf 87' lang='lat' dir='ltr'><strong>orare</strong></span> <span class='ocrx_word' id='word_1_186' title='bbox 1114 2202 1287 2281; x_wconf 73' lang='lat' dir='ltr'><strong>Scipioneat</strong></span> 
     </span>
     <span class='ocr_line' id='line_1_23' title="bbox 279 2281 1287 2363; baseline 0.002 -22"><span class='ocrx_word' id='word_1_187' title='bbox 279 2281 341 2342; x_wconf 83' lang='lat' dir='ltr'><strong>ab</strong></span> <span class='ocrx_word' id='word_1_188' title='bbox 373 2296 426 2341; x_wconf 80' lang='lat' dir='ltr'><strong>se</strong></span> <span class='ocrx_word' id='word_1_189' title='bbox 453 2282 576 2343; x_wconf 90' lang='lat' dir='ltr'><strong>donum</strong></span> <span class='ocrx_word' id='word_1_190' title='bbox 601 2284 794 2358; x_wconf 82' lang='lat' dir='ltr'><strong>acciperet</strong></span> <span class='ocrx_word' id='word_1_191' title='bbox 812 2294 1018 2363; x_wconf 88' lang='lat' dir='ltr'><strong>coeperunt,</strong></span> <span class='ocrx_word' id='word_1_192' title='bbox 1041 2287 1131 2348; x_wconf 79' lang='lat' dir='ltr'><strong>haud</strong></span> <span class='ocrx_word' id='word_1_193' title='bbox 1150 2288 1287 2347; x_wconf 86' lang='lat' dir='ltr'><strong>minorem</strong></span> 
     </span>
     <span class='ocr_line' id='line_1_24' title="bbox 255 2364 1285 2445; baseline 0.007 -23"><span class='ocrx_word' id='word_1_194' title='bbox 255 2364 307 2423; x_wconf 72' lang='grc' dir='ltr'><strong>ἐἰ</strong></span> <span class='ocrx_word' id='word_1_195' title='bbox 329 2365 455 2439; x_wconf 81' lang='lat' dir='ltr'><strong>apud</strong></span> <span class='ocrx_word' id='word_1_196' title='bbox 481 2379 518 2424; x_wconf 85' lang='lat' dir='ltr'><strong>se</strong></span> <span class='ocrx_word' id='word_1_197' title='bbox 530 2365 689 2437; x_wconf 70' lang='lat' dir='ltr'><strong>sacuam</strong></span> <span class='ocrx_word' id='word_1_198' title='bbox 706 2368 868 2428; x_wconf 81' lang='lat' dir='ltr'><strong>futuram</strong></span> <span class='ocrx_word' id='word_1_199' title='bbox 887 2386 964 2431; x_wconf 89' lang='lat' dir='ltr'><strong>esse</strong></span> <span class='ocrx_word' id='word_1_200' title='bbox 984 2370 1189 2432; x_wconf 81' lang='lat' dir='ltr'><strong>adfirmantes</strong></span> <span class='ocrx_word' id='word_1_201' title='bbox 1205 2382 1285 2445; x_wconf 85' lang='lat' dir='ltr'>quam</span> 
     </span>
     <span class='ocr_line' id='line_1_25' title="bbox 255 2447 1284 2531; baseline 0.003 -25"><span class='ocrx_word' id='word_1_202' title='bbox 255 2452 324 2507; x_wconf 73' lang='lat' dir='ltr'><strong>&#39;ae</strong></span> <span class='ocrx_word' id='word_1_203' title='bbox 359 2447 560 2506; x_wconf 82' lang='lat' dir='ltr'><strong>inviolatos</strong></span> <span class='ocrx_word' id='word_1_204' title='bbox 584 2447 685 2507; x_wconf 77' lang='lat' dir='ltr'><strong>soret</strong></span> <span class='ocrx_word' id='word_1_205' title='bbox 707 2450 877 2525; x_wconf 78' lang='lat' dir='ltr'><strong>virginis.</strong></span> <span class='ocrx_word' id='word_1_206' title='bbox 917 2452 1040 2531; x_wconf 88' lang='lat' dir='ltr'><strong>Scipio,</strong></span> <span class='ocrx_word' id='word_1_207' title='bbox 1064 2455 1192 2529; x_wconf 82' lang='lat' dir='ltr'><strong>quando</strong></span> <span class='ocrx_word' id='word_1_208' title='bbox 1209 2456 1284 2515; x_wconf 85' lang='lat' dir='ltr'><strong>tanto</strong></span> 
     </span>
     <span class='ocr_line' id='line_1_26' title="bbox 271 2534 1285 2615; baseline 0.008 -28"><span class='ocrx_word' id='word_1_209' title='bbox 271 2534 492 2603; x_wconf 85' lang='lat' dir='ltr'><strong>peterent,</strong></span> <span class='ocrx_word' id='word_1_210' title='bbox 513 2536 754 2602; x_wconf 82' lang='lat' dir='ltr'><strong>accepturum</strong></span> <span class='ocrx_word' id='word_1_211' title='bbox 771 2549 816 2594; x_wconf 83' lang='lat' dir='ltr'><strong>se</strong></span> <span class='ocrx_word' id='word_1_212' title='bbox 834 2536 1001 2610; x_wconf 86' lang='lat' dir='ltr'><strong>pollicitus</strong></span> <span class='ocrx_word' id='word_1_213' title='bbox 1016 2535 1093 2614; x_wconf 89' lang='lat' dir='ltr'><strong>poni</strong></span> <span class='ocrx_word' id='word_1_214' title='bbox 1110 2536 1285 2615; x_wconf 80' lang='lat' dir='ltr'><strong>antepedes</strong></span> 
     </span>
     <span class='ocr_line' id='line_1_27' title="bbox 256 2610 1285 2698; baseline 0.01 -25"><span class='ocrx_word' id='word_1_215' title='bbox 256 2657 259 2673; x_wconf 90' lang='lat'><em>.</em></span> <span class='ocrx_word' id='word_1_216' title='bbox 303 2614 539 2682; x_wconf 80' lang='lat' dir='ltr'><strong>vocatoque</strong></span> <span class='ocrx_word' id='word_1_217' title='bbox 561 2610 610 2668; x_wconf 84' lang='lat' dir='ltr'><strong>ad</strong></span> <span class='ocrx_word' id='word_1_218' title='bbox 637 2626 685 2671; x_wconf 84' lang='lat' dir='ltr'><strong>se</strong></span> <span class='ocrx_word' id='word_1_219' title='bbox 701 2614 883 2679; x_wconf 82' lang='lat' dir='ltr'><strong>Alucceio</strong></span> <span class='ocrx_word' id='word_1_220' title='bbox 904 2635 1023 2697; x_wconf 86' lang='lat' dir='ltr'><strong>„super</strong></span> <span class='ocrx_word' id='word_1_221' title='bbox 1037 2619 1167 2681; x_wconf 84' lang='lat' dir='ltr'><strong>dotem“</strong></span> <span class='ocrx_word' id='word_1_222' title='bbox 1186 2618 1285 2698; x_wconf 77' lang='lat' dir='ltr'><strong>inquil,</strong></span> 
     </span>
     <span class='ocr_line' id='line_1_28' title="bbox 256 2695 1283 2775; baseline 0.013 -26"><span class='ocrx_word' id='word_1_223' title='bbox 256 2708 286 2749; x_wconf 84' lang='lat' dir='ltr'><strong>n</strong></span> <span class='ocrx_word' id='word_1_224' title='bbox 323 2695 560 2765; x_wconf 80' lang='lat' dir='ltr'><strong>accepturus</strong></span> <span class='ocrx_word' id='word_1_225' title='bbox 582 2706 607 2750; x_wconf 83' lang='lat' dir='ltr'><strong>a</strong></span> <span class='ocrx_word' id='word_1_226' title='bbox 632 2708 775 2759; x_wconf 86' lang='lat' dir='ltr'><strong>socero</strong></span> <span class='ocrx_word' id='word_1_227' title='bbox 801 2715 861 2775; x_wconf 86' lang='lat' dir='ltr'><strong>es,</strong></span> <span class='ocrx_word' id='word_1_228' title='bbox 887 2702 969 2765; x_wconf 82' lang='lat' dir='ltr'><strong>hoec</strong></span> <span class='ocrx_word' id='word_1_229' title='bbox 988 2704 1042 2763; x_wconf 88' lang='lat' dir='ltr'><strong>tibi</strong></span> <span class='ocrx_word' id='word_1_230' title='bbox 1064 2720 1083 2764; x_wconf 81' lang='lat' dir='ltr'>a</span> <span class='ocrx_word' id='word_1_231' title='bbox 1105 2721 1157 2765; x_wconf 87' lang='lat' dir='ltr'><strong>me</strong></span> <span class='ocrx_word' id='word_1_232' title='bbox 1177 2703 1283 2765; x_wconf 82' lang='lat' dir='ltr'><strong>dotalia</strong></span> 
     </span>
     <span class='ocr_line' id='line_1_29' title="bbox 256 2773 1278 2853; baseline 0.003 -9"><span class='ocrx_word' id='word_1_233' title='bbox 256 2773 513 2845; x_wconf 57' lang='lat' dir='ltr'><strong>accedesst‘ss</strong></span> <span class='ocrx_word' id='word_1_234' title='bbox 536 2786 748 2853; x_wconf 68' lang='lat' dir='ltr'><strong>aurumque</strong></span> <span class='ocrx_word' id='word_1_235' title='bbox 774 2784 902 2845; x_wconf 88' lang='lat' dir='ltr'><strong>tollere</strong></span> <span class='ocrx_word' id='word_1_236' title='bbox 923 2802 961 2847; x_wconf 83' lang='lat' dir='ltr'><strong>oc</strong></span> <span class='ocrx_word' id='word_1_237' title='bbox 975 2786 1034 2849; x_wconf 85' lang='lat' dir='ltr'><strong>sibi</strong></span> <span class='ocrx_word' id='word_1_238' title='bbox 1049 2785 1166 2848; x_wconf 83' lang='lat' dir='ltr'><strong>habere</strong></span> <span class='ocrx_word' id='word_1_239' title='bbox 1185 2785 1278 2849; x_wconf 81' lang='lat' dir='ltr'><strong>iussit</strong></span> 
     </span>
     <span class='ocr_line' id='line_1_30' title="bbox 256 2852 1280 2947; baseline 0.02 -39"><span class='ocrx_word' id='word_1_240' title='bbox 256 2860 369 2913; x_wconf 63' lang='lat' dir='ltr'><strong>stus</strong></span> <span class='ocrx_word' id='word_1_241' title='bbox 394 2854 500 2946; x_wconf 73' lang='lat' dir='ltr'><strong>donis</strong></span> <span class='ocrx_word' id='word_1_242' title='bbox 521 2852 811 2937; x_wconf 83' lang='lat' dir='ltr'><strong>honoribusque</strong></span> <span class='ocrx_word' id='word_1_243' title='bbox 835 2867 990 2931; x_wconf 85' lang='lat' dir='ltr'><strong>dimissus</strong></span> <span class='ocrx_word' id='word_1_244' title='bbox 1005 2868 1131 2931; x_wconf 88' lang='lat' dir='ltr'><strong>domum</strong></span> <span class='ocrx_word' id='word_1_245' title='bbox 1150 2868 1280 2947; x_wconf 86' lang='lat' dir='ltr'><strong>implevit</strong></span> 
     </span>
     <span class='ocr_line' id='line_1_31' title="bbox 257 2931 1278 3030; baseline 0.024 -39"><span class='ocrx_word' id='word_1_246' title='bbox 257 2948 382 2994; x_wconf 75' lang='lat' dir='ltr'><strong>ires</strong></span> <span class='ocrx_word' id='word_1_247' title='bbox 407 2931 563 3030; x_wconf 76' lang='lat' dir='ltr'><strong>laudibus</strong></span> <span class='ocrx_word' id='word_1_248' title='bbox 579 2939 729 3004; x_wconf 86' lang='lat' dir='ltr'><strong>meritis</strong></span> <span class='ocrx_word' id='word_1_249' title='bbox 745 2945 941 3024; x_wconf 88' lang='lat' dir='ltr'><strong>Scipionis=</strong></span> <span class='ocrx_word' id='word_1_250' title='bbox 962 2952 1089 3014; x_wconf 81' lang='lat' dir='ltr'><strong>venisse</strong></span> <span class='ocrx_word' id='word_1_251' title='bbox 1104 2952 1155 3015; x_wconf 84' lang='lat' dir='ltr'><strong>dis</strong></span> <span class='ocrx_word' id='word_1_252' title='bbox 1169 2952 1278 3016; x_wconf 79' lang='lat' dir='ltr'><strong>similli-</strong></span> 
     </span>
     <span class='ocr_line' id='line_1_32' title="bbox 257 3026 1277 3113; baseline 0.011 -26"><span class='ocrx_word' id='word_1_253' title='bbox 257 3026 712 3113; x_wconf 34' lang='lat' dir='ltr'><strong>avemo-vincentem</strong></span> <span class='ocrx_word' id='word_1_254' title='bbox 734 3033 859 3095; x_wconf 85' lang='lat' dir='ltr'><strong>omniu</strong></span> <span class='ocrx_word' id='word_1_255' title='bbox 875 3049 946 3096; x_wconf 89' lang='lat' dir='ltr'><strong>cum</strong></span> <span class='ocrx_word' id='word_1_256' title='bbox 960 3034 1053 3096; x_wconf 74' lang='lat' dir='ltr'><strong>umis</strong></span> <span class='ocrx_word' id='word_1_257' title='bbox 1066 3040 1131 3097; x_wconf 87' lang='lat' dir='ltr'><strong>tum</strong></span> <span class='ocrx_word' id='word_1_258' title='bbox 1144 3035 1277 3113; x_wconf 66' lang='lat' dir='ltr'><strong>benigni·</strong></span> 
     </span>
     <span class='ocr_line' id='line_1_33' title="bbox 277 3092 1277 3181; baseline 0.003 -5"><span class='ocrx_word' id='word_1_259' title='bbox 277 3092 524 3156; x_wconf 72' lang='lat' dir='ltr'><strong>b0¹¹⁰fi⁰¹¹⁸·</strong></span> <span class='ocrx_word' id='word_1_260' title='bbox 547 3104 674 3177; x_wconf 67' lang='lat' dir='ltr'><strong>itaque</strong></span> <span class='ocrx_word' id='word_1_261' title='bbox 691 3109 838 3178; x_wconf 86' lang='lat' dir='ltr'><strong>dilectu</strong></span> <span class='ocrx_word' id='word_1_262' title='bbox 852 3117 1008 3180; x_wconf 85' lang='lat' dir='ltr'><strong>clientium</strong></span> <span class='ocrx_word' id='word_1_263' title='bbox 1022 3116 1129 3179; x_wconf 85' lang='lat' dir='ltr'><strong>habito</strong></span> <span class='ocrx_word' id='word_1_264' title='bbox 1144 3135 1213 3181; x_wconf 89' lang='lat' dir='ltr'><strong>cum</strong></span> <span class='ocrx_word' id='word_1_265' title='bbox 1227 3119 1277 3181; x_wconf 88' lang='lat' dir='ltr'><strong>de·</strong></span> 
     </span>
    </p>
   </div>
   <div class='ocr_carea' id='block_1_3' title="bbox 257 3175 1273 3691">
    <p class='ocr_par' dir='ltr' id='par_1_3' title="bbox 257 3175 1273 3345">
     <span class='ocr_line' id='line_1_34' title="bbox 257 3175 1273 3279; baseline 0.034 -51"><span class='ocrx_word' id='word_1_266' title='bbox 257 3175 412 3264; x_wconf 70' lang='lat' dir='ltr'><strong>qule</strong></span> <span class='ocrx_word' id='word_1_267' title='bbox 435 3185 467 3239; x_wconf 92' lang='lat' dir='ltr'><strong>et</strong></span> <span class='ocrx_word' id='word_1_268' title='bbox 487 3181 777 3279; x_wconf 72' lang='lat' dir='ltr'><strong>quadringentis</strong></span> <span class='ocrx_word' id='word_1_269' title='bbox 805 3201 963 3278; x_wconf 85' lang='lat' dir='ltr'><strong>equitibus</strong></span> <span class='ocrx_word' id='word_1_270' title='bbox 984 3201 1063 3261; x_wconf 84' lang='lat' dir='ltr'><strong>intra</strong></span> <span class='ocrx_word' id='word_1_271' title='bbox 1076 3216 1197 3277; x_wconf 82' lang='lat' dir='ltr'><strong>paucos</strong></span> <span class='ocrx_word' id='word_1_272' title='bbox 1211 3202 1273 3264; x_wconf 81' lang='lat' dir='ltr'><strong>dics</strong></span> 
     </span>
     <span class='ocr_line' id='line_1_35' title="bbox 258 3265 1123 3345; baseline 0.055 -40"><span class='ocrx_word' id='word_1_273' title='bbox 258 3265 458 3333; x_wconf 67' lang='lat' dir='ltr'><strong>nonem</strong></span> <span class='ocrx_word' id='word_1_274' title='bbox 471 3270 620 3325; x_wconf 74' lang='lat' dir='ltr'><strong>reveunt.</strong></span> <span class='ocrx_word' id='word_1_275' title='bbox 1122 3339 1123 3345; x_wconf 15' lang='grc' dir='ltr'><strong>κ</strong></span> 
     </span>
    </p>

    <p class='ocr_par' dir='ltr' id='par_1_4' title="bbox 258 3337 1271 3691">
     <span class='ocr_line' id='line_1_36' title="bbox 258 3337 1271 3444; baseline 0.04 -56"><span class='ocrx_word' id='word_1_276' title='bbox 258 3370 284 3434; x_wconf 39' lang='lat'><strong>&#39;-</strong></span> <span class='ocrx_word' id='word_1_277' title='bbox 383 3337 502 3413; x_wconf 85' lang='lat' dir='ltr'><strong>Sctplo</strong></span> <span class='ocrx_word' id='word_1_278' title='bbox 526 3352 714 3416; x_wconf 80' lang='lat' dir='ltr'><strong>retentum</strong></span> <span class='ocrx_word' id='word_1_279' title='bbox 744 3372 871 3430; x_wconf 72' lang='lat' dir='ltr'><strong>secum</strong></span> <span class='ocrx_word' id='word_1_280' title='bbox 890 3365 1023 3427; x_wconf 85' lang='lat' dir='ltr'><strong>Laelium</strong></span> <span class='ocrx_word' id='word_1_281' title='bbox 1043 3364 1118 3427; x_wconf 89' lang='lat' dir='ltr'><strong>dum</strong></span> <span class='ocrx_word' id='word_1_282' title='bbox 1138 3369 1271 3444; x_wconf 75' lang='lat' dir='ltr'><strong>oapuvos</strong></span> 
     </span>
     <span class='ocr_line' id='line_1_37' title="bbox 258 3424 1269 3547; baseline 0.044 -77"><span class='ocrx_word' id='word_1_283' title='bbox 258 3424 413 3547; x_wconf 56' lang='lat' dir='ltr'><strong>uiqssm</strong></span> <span class='ocrx_word' id='word_1_284' title='bbox 428 3426 459 3479; x_wconf 88' lang='lat' dir='ltr'><strong>et</strong></span> <span class='ocrx_word' id='word_1_285' title='bbox 475 3428 650 3526; x_wconf 63' lang='lat' dir='ltr'><strong>praedetur</strong></span> <span class='ocrx_word' id='word_1_286' title='bbox 677 3453 738 3501; x_wconf 84' lang='lat' dir='ltr'><strong>ex</strong></span> <span class='ocrx_word' id='word_1_287' title='bbox 769 3450 911 3513; x_wconf 85' lang='lat' dir='ltr'><strong>consilio</strong></span> <span class='ocrx_word' id='word_1_288' title='bbox 932 3448 998 3509; x_wconf 84' lang='lat' dir='ltr'><strong>eius</strong></span> <span class='ocrx_word' id='word_1_289' title='bbox 1012 3446 1205 3526; x_wconf 81' lang='lat' dir='ltr'><strong>disponeret,</strong></span> <span class='ocrx_word' id='word_1_290' title='bbox 1224 3468 1269 3513; x_wconf 84' lang='lat' dir='ltr'><strong>sc·</strong></span> 
     </span>
     <span class='ocr_line' id='line_1_38' title="bbox 259 3510 1270 3611; baseline 0.044 -62"><span class='ocrx_word' id='word_1_291' title='bbox 259 3579 279 3601; x_wconf 82' lang='lat'>.</span> <span class='ocrx_word' id='word_1_292' title='bbox 369 3510 422 3559; x_wconf 83' lang='lat' dir='ltr'><strong>us</strong></span> <span class='ocrx_word' id='word_1_293' title='bbox 442 3514 674 3603; x_wconf 73' lang='lat' dir='ltr'><strong>compostus,</strong></span> <span class='ocrx_word' id='word_1_294' title='bbox 719 3526 823 3595; x_wconf 66' lang='lat' dir='ltr'><strong>data</strong></span> <span class='ocrx_word' id='word_1_295' title='bbox 847 3532 1063 3610; x_wconf 84' lang='lat' dir='ltr'><strong>quinquereme</strong></span> <span class='ocrx_word' id='word_1_296' title='bbox 1086 3534 1270 3611; x_wconf 82' lang='lat' dir='ltr'><strong>captivisque</strong></span> 
     </span>
     <span class='ocr_line' id='line_1_39' title="bbox 259 3581 1266 3691; baseline 0.059 -64"><span class='ocrx_word' id='word_1_297' title='bbox 259 3605 281 3621; x_wconf 71' lang='lat'><em>.</em></span> <span class='ocrx_word' id='word_1_298' title='bbox 323 3581 390 3635; x_wconf 83' lang='lat' dir='ltr'><strong>et</strong></span> <span class='ocrx_word' id='word_1_299' title='bbox 413 3584 610 3653; x_wconf 81' lang='lat' dir='ltr'><strong>quindecim</strong></span> <span class='ocrx_word' id='word_1_300' title='bbox 626 3596 716 3664; x_wconf 82' lang='lat' dir='ltr'><strong>iere</strong></span> <span class='ocrx_word' id='word_1_301' title='bbox 738 3610 1035 3691; x_wconf 66' lang='lat' dir='ltr'><strong>senatoribusuui</strong></span> <span class='ocrx_word' id='word_1_302' title='bbox 1050 3610 1218 3678; x_wconf 81' lang='lat' dir='ltr'><strong>simuleum</strong></span> <span class='ocrx_word' id='word_1_303' title='bbox 1231 3632 1266 3679; x_wconf 74' lang='grc' dir='ltr'>ω</span> 
     </span>
    </p>
   </div>
   <div class='ocr_carea' id='block_1_4' title="bbox 0 0 1592 4559">
    <p class='ocr_par' dir='ltr' id='par_1_5' title="bbox 0 0 1592 4559">
     <span class='ocr_line' id='line_1_40' title="bbox 0 0 1592 4559; baseline 0 2"><span class='ocrx_word' id='word_1_304' title='bbox 0 0 1592 4559; x_wconf 95' lang='lat' dir='ltr'><strong> </strong></span> 
     </span>
    </p>
   </div>
  </div>
 </body>
</html>
