3175 4559
308 379 394 445 mua
408 370 533 437 xxvt.
557 363 659 427 cAP·
675 364 742 421 44·
759 359 822 415 ⁴⁶·
854 352 905 422 [²·
921 342 968 397 ¹³·
988 362 1033 404 ⁶·
1049 354 1118 426 ³4²]

322 481 493 593 occurrere
514 518 623 581 iubet.
673 488 1070 600 9210‘30ta,d⁰i¹¹d⁰
1089 508 1180 579 1²⁰&t
1198 525 1250 588 ⁸⁰³,
1282 570 1283 589 1

308 616 341 674 ia
350 616 475 673 terente
492 604 534 665 ad
551 607 677 663 eastra
691 594 882 653 hostium
903 581 1147 665 instruxerat,
1167 593 1249 657 mittit

310 713 369 757 uee
382 697 456 771 ipso
470 684 717 769 praecipiente
736 674 957 762 parumper
969 676 1133 748 tessere,
1148 682 1181 737 ut
1189 692 1249 753 pre
1282 670 1283 761 l

314 780 413 839 „siffis
427 779 461 837 in
473 770 656 835 certamine
676 762 777 839 ipso
793 750 1081 817 summittendis
1097 766 1207 820 essent.
1224 768 1247 823 et
1282 768 1283 817 ὲ

318 862 348 920 ιὰ
361 862 500 937 impares
515 860 640 915 stetere
660 844 803 913 acies;
834 830 1014 899 subsidia
1036 836 1155 901 deinde
1173 842 1246 905 iden·
1282 840 1283 849 ’

322 944 429 1005 missa
451 936 597 1002 ecastris
613 948 699 993 non
728 924 955 989 averterunt
969 920 1095 1015 solum
1109 924 1141 984 iu
1155 926 1245 1003 nugam
1282 960 1283 987 1

327 1026 348 1083 d
363 1027 448 1087 adeo
464 1020 574 1085 effusis
584 1016 835 1085 institerunt,
864 1013 905 1067 ut
920 1004 987 1064 nist
1009 1011 1160 1084 reeeptui
1174 1012 1243 1073 ceci·
1282 1056 1283 1059 ,

327 1108 437 1169 rmixti
451 1102 648 1183 fugientibus
667 1090 870 1171 irrupturi
889 1088 1003 1150 fuisse
1029 1090 1066 1151 iu
1088 1092 1192 1153 utitem
1205 1096 1242 1154 vi-

333 1193 507 1267 trepidatio
521 1201 599 1247 vero
613 1196 699 1242 non
717 1179 765 1239 in
785 1174 934 1253 proelio
950 1174 1071 1235 maior
1084 1192 1176 1252 quam
1187 1184 1241 1239 tota

350 1276 473 1336 multae
494 1271 654 1335 stationes
680 1274 849 1341 pavore
873 1264 977 1334 atque
1002 1256 1090 1335 luga
1111 1260 1239 1323 desertae

334 1356 413 1433 ique
429 1360 519 1433 muri,
541 1366 615 1415 eum
632 1364 717 1424 qua
736 1346 889 1421 cuique
906 1346 975 1403 erat
990 1344 1180 1417 proximum
1194 1346 1237 1407 de

356 1444 453 1514 quod
466 1440 521 1502 ubi
544 1448 717 1511 egressus
740 1428 884 1507 Scipio
902 1425 1131 1502 intumuisset,
1157 1429 1237 1507 quem

348 1532 490 1600 vocant,
510 1514 790 1589 animadvertit,
820 1510 939 1574 multis
954 1510 1112 1587 partibus
1133 1514 1235 1574 nudata

341 1623 371 1666 1s
387 1607 522 1668 moenia
538 1616 626 1674 esse,
652 1597 804 1659 omnes
824 1612 846 1657 e
864 1595 982 1657 eastris
1001 1595 1133 1659 excitos
1146 1596 1189 1658 ire
1200 1596 1235 1657 ad

344 1704 399 1748 am
424 1698 458 1750 et
478 1690 569 1747 terre
591 1680 713 1744 scalas
744 1680 869 1743 iubet.
903 1680 977 1757 ipsa
990 1680 1096 1741 tritun
1117 1694 1190 1757 prae
1203 1696 1234 1742 se

347 1772 504 1833 tlidorum
527 1768 636 1831 scutis
661 1764 865 1841 oppositis
888 1764 1072 1839 -ingens
1087 1764 1233 1825 animiam

349 1856 469 1924 seueris
482 1854 636 1914 telorum
656 1863 678 1907 e
695 1848 828 1910 muris
842 1846 976 1909 volabat
997 1878 1053 1891 ·-
1073 1849 1115 1908 ad
1135 1848 1231 1909 urbem

352 1946 488 2012 artatur,
514 1936 667 2011 imperat
685 1948 794 2005 quae
812 1928 851 1991 in
866 1946 937 1992 rem
951 1936 1049 2003 sunt3
1074 1931 1157 2007 quod
1170 1932 1230 2008 plu-

354 2018 590 2080 tccendendos
613 2010 773 2075 militum
803 2014 936 2077 animos
956 2015 1127 2089 intererat,
1149 2015 1229 2077 testis

357 2118 374 2161 e
390 2100 520 2162 virtutis
539 2107 653 2173 atque
674 2095 858 2176 ignaviae
874 2098 1034 2174 cuiusque
1050 2101 1150 2161 adest.
1178 2100 1226 2159 itu·

359 2200 414 2245 era
429 2197 466 2243 ae
479 2184 553 2242 tela
569 2188 698 2255 ruunt,
722 2197 854 2257 neque
872 2184 944 2245 illos
959 2182 1047 2245 muri
1065 2198 1168 2259 neque
1181 2198 1226 2243 su·

362 2266 461 2327 rmati
476 2278 607 2326 arcere
623 2273 775 2341 queunt,
798 2267 882 2343 quin
895 2268 1038 2329 certatim
1051 2266 1223 2327 ascendant

364 2366 381 2411 s
397 2349 516 2409 eodem
529 2354 703 2424 tempore
721 2364 781 2425 ea,
803 2365 892 2427 quae
904 2350 981 2411 mari
992 2350 1140 2426 adluitur,
1154 2364 1222 2425 pars

368 2434 438 2493 uari
453 2439 584 2507 coepta
602 2438 674 2492 est.
700 2440 864 2495 ceterum
877 2435 1029 2495 tumultus
1041 2434 1115 2493 inde
1129 2432 1221 2493 maior

370 2514 489 2575 thibari
512 2517 675 2589 poterat
714 2516 806 2577 dum
831 2516 1001 2594 applicant,
1026 2518 1103 2579 dum
1117 2516 1221 2595 partim

374 2599 446 2657 alas
467 2596 704 2673 militesque,
735 2598 824 2659 dum
843 2618 906 2677 qua
920 2602 1032 2678 cuique
1050 2604 1219 2679 proximum

393 2676 541 2737 evadere
559 2690 785 2755 properant,
811 2685 888 2760 ipse
902 2686 1101 2749 festinatione
1115 2694 1145 2747 et
1157 2700 1216 2745 eet·

382 2758 668 2853 iosiiupediunt.
720 2762 831 2825 XLV.
859 2760 939 2829 inter
955 2768 1033 2829 haee
1048 2770 1215 2845 repleverat

387 2847 502 2900 emaus
518 2857 666 2915 muros,
694 2852 732 2907 et
746 2848 805 2909 vis
817 2866 934 2927 magna
948 2866 988 2911 ex
1001 2854 1117 2927 ingenti
1128 2848 1213 2927 eopia

392 2936 461 3015 run}
483 2923 769 2997 suppeditabat
806 2934 868 2994 sed
887 2946 988 3011 neque
1000 2934 1060 2995 viri
1081 2948 1138 2996 nee
1155 2930 1213 2995 tela

394 3023 401 3060 ι
416 3002 503 3099 allud
518 3019 645 3081 aeque
667 3024 781 3087 quam
798 3018 925 3077 moenia
939 3019 1008 3093 ipsa
1023 3032 1096 3078 sese
1110 3016 1207 3079 desen»

397 3099 502 3181 eenun
517 3088 651 3150 scalae
678 3095 854 3159 altitudini
869 3100 995 3177 aequari
1009 3108 1163 3177 poterant,
1182 3104 1210 3161 et

413 3166 566 3242 illimes,
592 3186 644 3232 eo
673 3176 885 3247 infirmiores
900 3191 995 3245 erant.
1027 3186 1130 3260 itaque
1143 3200 1204 3245 eun

401 3262 447 3321 [ue
463 3252 621 3335 evadere
640 3274 730 3321 non
750 3274 874 3347 posset
889 3266 1024 3327 subirent
1038 3274 1137 3329 tamen
1149 3266 1204 3339 alii,

401 3329 626 3427 angebantur.
687 3348 837 3419 quidam
861 3349 1010 3409 stantibus
1031 3349 1123 3411 sealis
1144 3358 1204 3413 edm

401 3424 465 3467 ¹⁶¹⁰
485 3414 599 3506 ⁰9u¹¹⁸
619 3421 839 3510 offudisset,
854 3432 1014 3493 adterram
1029 3429 1119 3494 delati
1131 3429 1202 3495 suit

400 3507 405 3546 ¹
426 3488 591 3556 h⁰¹¹¹¹¹¹0⁸
619 3508 835 3593 scalaeque
847 3520 982 3587 ruerent,
1002 3520 1034 3573 et
1055 3516 1122 3591 ipso
1142 3529 1202 3577 sue-

412 3574 521 3645 atque
541 3579 732 3655 alacritas
750 3598 893 3662 hosdun
906 3603 1075 3673 cresceret,
1096 3598 1198 3677 Qum
