3175 4559
456 406 574 469 LIBER
586 407 678 469 XXX.
699 404 785 466 ssAP.
799 414 844 467 42.
864 412 903 479 [a.
913 408 946 463 0.
955 410 1020 478 201]
1171 402 1235 469 m

229 567 366 635 petent,
378 559 493 621 linibus
503 558 659 619 soeiortan
671 570 733 616 non
744 555 946 624 eunomianae
962 554 1090 615 dedisse
1100 570 1236 629 operam,

226 663 280 707 ne
311 644 441 719 impune
460 642 490 701 in
512 656 605 715 agros
625 656 732 700 eorum
752 639 954 714 populatores
974 640 1236 701 transcenderent

228 728 418 805 Sopatrum
442 741 482 785 ex
503 724 679 800 purpuratis
697 731 729 783 et
750 722 1035 798 propinquis·an
1056 738 1145 783 esse:
1166 738 1237 782 eum

229 828 319 873 eum
350 816 494 886 quattuor
522 808 645 869 milibus
667 806 874 867 Maoedonnm
897 812 931 865 et
951 807 1086 880 monnio
1107 807 1237 867 missum

228 910 350 970 nuper
375 894 406 953 in
431 893 567 953 Atridam
594 906 667 953 esso
687 890 853 951 ¹ilnnnibuli
880 896 912 950 et
936 889 1236 965 cnthaginiensiboe

230 977 376 1041 auxilio.
397 976 438 1037 de
451 976 501 1037 bis
514 975 611 1037 rebus
619 974 798 1048 interrogati
807 973 996 1035 Moeedenea
1008 989 1078 1035 oum
1087 976 1238 1049 perplexe

229 1060 484 1136 responderem,
499 1074 601 1133 neque
610 1058 672 1133 ipsi
683 1058 755 1117 mite
764 1072 950 1131 responsum
961 1058 1108 1117 mlerunt=
1123 1057 1237 1118 bellum

234 1158 403 1221 quaerere
425 1156 546 1218 regem,
571 1148 603 1201 et
626 1140 655 1201 si
675 1147 799 1216 perget,
824 1141 1006 1215 propediem
1031 1144 1236 1201 inventorum.

235 1227 414 1302 dupliciter
435 1226 474 1287 ab
494 1241 533 1286 eo
553 1225 669 1287 foedos
684 1224 847 1298 violatum,
867 1231 899 1283 et
917 1225 1003 1298 qnod
1016 1225 1110 1285 sociis
1128 1225 1236 1299 populi

232 1310 381 1373 Romani
395 1310 521 1371 iniurias
535 1308 650 1381 feeerit,
673 1322 710 1369 ao
723 1308 805 1368 bello
819 1308 976 1383 armisque
988 1309 1191 1383 lacessiverit,
1204 1314 1236 1369 et

238 1395 336 1471 quod
353 1394 460 1455 hostes
481 1393 604 1455 auxiliis
619 1399 650 1453 et
663 1392 798 1466 peeunin
810 1391 930 1452 iuverit
965 1396 998 1451 et
1008 1391 1042 1450 P.
1057 1392 1235 1467 Scipionem

207 1550 208 1557 ἵ
237 1485 335 1539 reete
350 1486 442 1552 atque
457 1477 563 1537 ordine
579 1476 693 1535 iecisse
706 1476 805 1535 videri
819 1483 849 1536 et
862 1476 974 1549 ineere,
997 1477 1082 1551 quod
1096 1492 1162 1551 eos,
1180 1476 1234 1551 qni

207 1568 208 1575 ’
238 1578 336 1623 arma
356 1568 463 1621 eontra
483 1561 636 1636 populum
648 1560 822 1621 Romanum
841 1560 975 1619 terentes
990 1560 1072 1634 capti
1084 1559 1160 1632 sint,
1180 1559 1235 1620 bo·

240 1647 343 1707 stium
367 1660 494 1705 numero
515 1645 546 1703 in
572 1644 681 1703 vinclis
706 1643 833 1716 hebeat,
858 1651 890 1703 et
907 1643 949 1703 Μ.
963 1644 1123 1705 Aurelium
1141 1659 1181 1703 ex
1197 1658 1236 1703 re
1329 1678 1332 1684 ·

207 1738 208 1741 ’
240 1730 376 1805 publiea
386 1730 497 1801 faeere,
504 1734 686 1802 gratumque
697 1727 729 1787 id
739 1728 860 1788 senatui
875 1728 1051 1802 essequod
1060 1728 1166 1789 soeios
1177 1742 1235 1802 pm

242 1813 314 1889 puli
322 1812 461 1885 Romani,
470 1812 667 1886 quondoiure
675 1812 879 1873 loederisnon
887 1813 996 1886 possit,
1005 1812 1234 1883 armistueetur.

207 1962 208 1967 ,
337 1895 410 1957 Corn
424 1895 484 1957 boe
507 1900 568 1955 tam
589 1895 668 1955 tristi
688 1910 842 1970 responso
862 1896 998 1956 dolosis
1011 1896 1235 1957 Macedonibus

207 1988 208 1995 ’
243 1979 343 2054 legati
355 1978 622 2054 Carthaginienses
637 1978 755 2048 vocali3
773 1994 905 2055 quorum
915 1980 1067 2041 aetatibus
1082 1978 1235 2054 dignitati·

245 2064 373 2138 busque
394 2062 571 2139 eonspeelis
585 2094 630 2107 -
641 2080 714 2125 nam
727 2064 820 2139 longe
842 2063 931 2139 primi
946 2064 1078 2125 civitatis
1092 2072 1181 2125 erant
1193 2089 1236 2104 -

247 2156 314 2209 tum
325 2163 382 2222 pro
394 2162 428 2209 se
438 2147 571 2223 quisque
578 2146 682 2207 dicere
694 2163 767 2208 vere
775 2149 816 2207 de
828 2163 906 2223 paee
916 2147 983 2222 agi..
989 2147 1122 2223 insignis
1132 2158 1235 2209 tamen

246 2231 329 2291 inter
345 2237 465 2291 eeteros
475 2230 649 2291 Hasdrubal
659 2238 774 2291 erat-
786 2232 927 2291 Haedum
938 2234 1106 2307 populares
1118 2246 1234 2307 eogno-

208 2382 209 2387 ἵ
249 2313 682 2389 mineappellnbuni-paeis
694 2316 1233 2391 sempereuetoradversusqueBar·

208 2394 209 2399 ’
250 2398 340 2459 cinae
352 2397 486 2459 laetioni.
502 2414 539 2459 eo
551 2406 614 2459 tum
627 2400 698 2473 plus
709 2398 752 2459 illi
763 2398 953 2460 auctoritatis
965 2397 1022 2459 luit
1031 2399 1104 2459 belli
1111 2401 1234 2475 eidpatn

208 2492 210 2507 ’
250 2481 284 2541 in
306 2496 471 2555 paucorum
494 2481 691 2557 cupiditatem
711 2484 750 2545 ab
764 2498 800 2543 re
813 2482 939 2558 publiea
952 2483 1157 2545 transferenti.
1178 2481 1235 2560 qu

252 2582 323 2625 oum
342 2564 428 2625 veria
448 2564 587 2627 oratione
607 2582 686 2627 usus
700 2574 799 2639 esset,
821 2567 1082 2641 nanepurgnndo
1097 2567 1234 2641 erimina,

209 2716 210 2727 χ
251 2665 333 2709 nune
354 2649 505 2724 quaedam
526 2650 666 2723 latendo,
686 2666 726 2711 na
739 2650 935 2725 impudenter
950 2659 1037 2712 oerta
1049 2652 1234 2726 negantibus

209 2734 210 2757 ¹
254 2731 406 2795 diffieilior
421 2733 510 2795 venia
531 2741 629 2808 esset,
650 2742 732 2796 nuno
753 2736 909 2797 monendo
929 2735 1021 2797 etiam
1040 2743 1146 2811 potres
1159 2752 1234 2797 oon·

210 2886 211 2893 ἵ
255 2816 393 2891 scriptos,
404 2818 535 2879 utrebus
546 2816 1050 2882 seeundismodeateo'omoderate
1059 2824 1233 2881 uterentur:

210 2900 211 2913 ¹
257 2898 1234 2980 siseetqueHannonemaudissenttlartbasiniensesettempnre

210 3054 211 3061 ἵ
255 2982 624 3060 udvolnissentdntnroo
637 2984 734 3049 trusae
747 2985 1234 3063 pneisoondieionmooastaoe

210 3072 211 3093 ¹
256 3076 399 3143 pelerenb
413 3069 1234 3149 rarosimulbominibusbooamlorornambonnmqne

257 3160 382 3216 mentem
397 3153 477 3215 doro
488 3155 647 3230 'populum
657 3156 830 3216 Romomnn
840 3172 880 3217 eo
892 3155 1038 3217 invieonn
1049 3173 1130 3229 esse
1148 3156 1234 3232 quod

258 3234 288 3295 in
303 3235 444 3299 secundis
457 3238 552 3299 rebus
567 3254 681 3313 sapere
693 3244 727 3299 et
738 3240 902 3302 consulere
915 3239 1097 3302 meminerit
1119 3247 1152 3301 et
1161 3241 1232 3301 ber·

260 3321 324 3381 eule
336 3320 505 3383 mirandum
519 3320 626 3395 inisse,
640 3322 669 3385 ai
681 3320 769 3385 aliter
778 3325 904 3385 luberet
926 3324 1150 3397 exinaolentia,
1165 3324 1233 3399 qui-

211 3474 212 3483 *
260 3404 316 3467 bus
329 3422 409 3469 nova
427 3406 513 3469 bonu
522 3406 645 3469 lorbmn
658 3406 714 3481 sit,
733 3406 919 3483 impotentes
932 3408 1066 3471 laeuone
1079 3407 1232 3468 insaniret

211 3498 212 3509 ¹
263 3490 370 3563 popolo
384 3491 523 3553 liemono
538 3490 651 3553 usitate
663 3506 700 3551 uo
716 3506 815 3567 prope
828 3492 891 3554 inm
902 3491 1044 3554 obsoleto
1052 3508 1091 3553 ex
1101 3490 1234 3553 viatorio

212 3640 213 3645 ἵ
263 3571 365 3646 gaudia
375 3589 455 3645 ease,
464 3590 501 3637 ne
513 3575 584 3651 plus
596 3590 695 3649 paene
706 3577 862 3649 poreendo
873 3575 966 3637 vietis
976 3592 1068 3651 quam
1079 3574 1232 3636 vineendo

212 3666 213 3673 ¹
263 3652 558 3731 imperinmauxissa
576 3667 748 3721 eeterornm
758 3658 962 3723 miserabilior
972 3659 1070 3721 oratio
1082 3658 1140 3721 luit
1148 3672 1232 3721 eom
