3175 4559
407 362 429 424 B
576 358 692 425 Llllllll
704 358 812 419 XXIV.
832 355 915 421 cel.
930 363 957 421 l.
966 363 996 419 0.
1016 362 1053 431 [ι
1068 361 1104 420 U.
1118 376 1143 421 e.
1157 362 1221 431 esi]

407 526 464 573 uos
478 515 593 571 mnium
607 505 857 577 interminali·
874 511 915 581 ul,
934 518 1005 569 eum
1014 505 1046 570 lo
1056 513 1310 583 meeum
1324 512 1382 578 sin

406 592 529 657 armaris
543 607 648 666 regern
660 591 793 666 impetus
807 590 910 664 deret,
931 589 1148 658 mulodemim
1166 592 1289 667 dieunt
1302 595 1383 671 erin

405 676 582 739 uulneribus
599 691 690 751 quam
704 674 843 739 sueeurri
855 680 973 749 posses
998 674 1132 740 memore
1146 681 1179 737 οι
1189 678 1326 745 mmuiiu
1340 696 1383 742 au

406 764 470 825 diuo
490 762 521 822 in
531 760 732 823 Dinomenem
742 758 813 823 'iam
826 757 910 822 haud
924 755 1018 823 dubie
1039 757 1212 824 obianum
1225 762 1290 827 teia
1304 764 1383 825 eoni

407 848 539 921 eiunmr,
570 845 649 907 inler
668 858 748 918 quae
770 848 873 907 lamen
897 841 1021 912 duobus
1045 844 1183 921 aemulis
1207 845 1384 908 vulneribuz

404 931 514 993 evasii.
546 929 620 1002 luga
635 927 810 999 satellitum,
832 926 1286 1003 utramnnmvlueroregem,
1309 931 1384 995 luen

404 1022 463 1075 est.
493 1013 704 1075 interfectores
725 1026 800 1086 pars
814 1012 846 1075 iu
865 1011 966 1073 iorum
985 1010 1018 1071 1ιι
1036 1011 1261 1078 multitudinem
1275 1014 1384 1078 laetae

403 1098 551 1170 moriare,
575 1110 648 1171 nare
663 1094 836 1172 Syracusas
850 1101 984 1170 pers-um
995 1094 1038 1158 ed
1050 1097 1314 1172 praeoccupando
1327 1100 1384 1157 An

406 1180 573 1243 dranodori
592 1179 809 1255 regiorumque
829 1179 958 1243 eliorum
974 1178 1116 1246 eoueiie
1146 1179 1264 1247 inserto
1286 1196 1384 1243 reruu

403 1270 485 1327 siaiu
498 1265 559 1341 ιιι).
571 1263 715 1328 claudius
729 1262 843 1327 bellum
862 1263 966 1327 oriens
984 1278 1026 1326 ex
1045 1262 1221 1339 propinquo
1236 1278 1311 1326 eum
1325 1280 1384 1327 een

403 1356 506 1423 neret,
529 1354 669 1411 sennium
683 1347 792 1411 litteris
812 1348 973 1411 amionem
993 1344 1217 1413 meinsindam
1230 1347 1384 1424 carmani·

404 1432 504 1493 riensi
520 1432 635 1509 populo
651 1438 682 1493 et
693 1431 857 1495 Hannibali
876 1430 1047 1503 consiliari,
1068 1430 1138 1507 inse
1159 1430 1315 1497 aduersus
1331 1431 1384 1511 Sy·

403 1532 556 1579 raousens
582 1516 711 1577 nouella
735 1516 776 1577 ad
800 1516 980 1593 provinciae
1003 1514 1153 1594 reguiam
1173 1514 1256 1581 dues
1287 1516 1385 1580 omnie

404 1601 553 1662 eonveriii
567 1600 733 1677 praesidia.

487 1685 576 1745 Exitu
592 1684 665 1745 unni
679 1684 746 1745 eius
761 1683 795 1759 Q.
810 1683 924 1747 Fabius
939 1700 978 1746 ex
993 1682 1172 1749 ιιιοιιιιίιιιο
1186 1689 1318 1751 senalus
1331 1684 1385 1747 Pu·

403 1769 519 1845 teolos,
541 1784 598 1845 per
612 1767 724 1830 bellum
739 1776 883 1845 coeptum
897 1766 1084 1843 benneniari
1096 1764 1283 1843 emporium,
1306 1785 1385 1831 eom·

403 1854 506 1929 murrii,
522 1852 772 1930 praesidiumque
785 1853 943 1929 imposuit.
965 1852 1038 1917 inde
1051 1852 1182 1917 Romam
1195 1853 1385 1916 comitiorum

403 1952 499 1998 eausa
511 1938 639 1999 veniens
653 1938 685 1997 in
703 1952 773 2002 eum
787 1952 879 2013 quem
895 1937 1026 2012 primum
1039 1936 1122 2001 diem
1134 1934 1322 2005 seminalem
1336 1937 1385 1999 ba-

401 2021 467 2083 buit
478 2021 600 2081 nomilia
615 2020 717 2095 edixit,
733 2027 830 2097 alque
838 2037 879 2083 ex
889 2022 998 2083 itinere
1009 2026 1132 2095 preeler
1142 2017 1252 2087 urbem
1262 2020 1296 2083 in
1307 2037 1385 2082 eum·

400 2122 476 2203 pum
493 2105 667 2167 deseendit.
704 2120 742 2167 eo
762 2107 813 2167 die
826 2121 896 2168 eum
916 2120 987 2167 som
1008 2102 1244 2179 praesumtione
1257 2104 1386 2169 Aniensi

400 2190 553 2251 iuniorum
566 2190 694 2263 emisset,
715 2205 816 2266 eaque
829 2190 862 2251 Τ.
878 2188 1038 2252 Otacilium
1051 2188 1093 2253 Μ.
1101 2186 1273 2255 Aemilium
1285 2189 1386 2265 Regil-

400 2275 463 2335 lum
485 2275 630 2335 eonsules
652 2273 782 2348 diceret,
810 2273 929 2348 turno.
948 2272 1064 2337 Fabius
1088 2270 1209 2337 suenio
1229 2272 1315 2341 loeo
1336 2275 1386 2335 leli

401 2357 540 2421 oratione
554 2364 602 2419 esi
616 2374 702 2419 usus.
745 2358 826 2417 vlll.
847 2356 904 2431 „sl
917 2363 971 2419 aui
984 2372 1095 2432 panem
1107 2356 1139 2419 iu
1151 2355 1241 2419 leelle
1254 2364 1310 2420 aul
1323 2358 1386 2419 bel-

400 2442 463 2501 lum
474 2441 732 2517 eumquelmslem
742 2440 955 2515 haberemus,
947 2457 978 2502 m
990 2456 1052 2515 quo
1062 2439 1279 2515 neglegentiae
1287 2442 1386 2504 laxior

398 2528 488 2587 locus
503 2535 596 2597 esser,
613 2528 666 2602 qui
679 2528 793 2587 vestris
809 2525 930 2597 studiis,
946 2540 1028 2599 quae
1041 2525 1074 2585 iu
1088 2540 1233 2599 namnum
1246 2525 1289 2591 ad
1303 2542 1386 2588 mau-

400 2609 523 2671 dandos
538 2609 650 2684 quibus
666 2610 765 2671 velitis
780 2610 917 2669 honores
931 2608 1077 2683 adieriis,
1098 2622 1217 2673 monem
1231 2610 1326 2677 ulam
1341 2612 1386 2671 ol·

398 2693 500 2767 ferrei,
515 2692 542 2753 is
557 2692 629 2753 mibi
644 2708 753 2769 parum
765 2693 945 2759 meminisse
956 2693 1114 2757 videretur
1126 2697 1252 2761 semiue
1261 2692 1386 2758 liberie·

399 2776 453 2837 iis=
474 2776 532 2838 sed
546 2791 616 2839 eum
629 2777 660 2837 in
674 2777 735 2839 hoe
748 2778 840 2853 bello,
861 2778 894 2837 iu
906 2775 968 2837 boe
982 2775 1074 2841 bosle
1087 2790 1255 2851 numquam
1269 2776 1309 2840 ub
1322 2778 1385 2841 ulio

399 2859 478 2922 duee
499 2862 567 2923 siue
586 2861 701 2938 ingenii
720 2868 828 2923 nostra
847 2861 937 2932 elede
957 2869 1092 2925 euumm
1112 2860 1167 2933 sii,
1196 2861 1308 2928 eedem
1326 2878 1385 2923 vos

398 2958 487 3019 eurus,
508 2960 571 3021 qus
589 2945 622 3005 iu
641 2946 740 3007 eeiem
761 2946 870 3007 mmuii
884 2946 1090 3021 descenditis,
1111 2943 1189 3008 inire
1203 2944 1385 3023 eumenium

397 3029 439 3089 ed
459 3029 614 3091 modos
633 3030 779 3091 consides
798 3030 905 3100 deest,
929 3035 960 3089 el
973 3029 1035 3093 sibi
1048 3032 1096 3093 sio
1110 3043 1267 3107 quemque
1281 3030 1385 3093 meere

398 3112 587 3174 “Hannibali
611 3114 788 3192 impemlori
813 3129 919 3190 parem
937 3116 1103 3178 eonsulem
1124 3114 1289 3192 nomino„
1322 3114 1384 3177 boe

394 3210 479 3257 anno
493 3197 535 3258 ad
545 3197 681 3275 Genuam
692 3198 825 3261 Vibellio
835 3199 972 3259 lemme
983 3197 1144 3277 campens
1153 3214 1278 3265 summo
1289 3198 1383 3276 equiti

395 3282 579 3356 provocanti
589 3300 732 3345 summus
747 3284 906 3345 Romanus
920 3297 1020 3367 eqiues
1031 3283 1160 3347 mellus
1175 3282 1322 3349 claumos
1335 3288 1383 3345 est

396 3366 571 3441 oppositus.
604 3368 755 3429 adversus
777 3368 897 3429 Galum
923 3354 1085 3441 quondam
1107 3377 1329 3443 provocamen
1350 3367 1380 3427 in

394 3456 490 3545 ponte
502 3449 631 3513 Anienis
651 3451 685 3511 Τ.
704 3450 852 3513 Manlium
870 3449 1020 3520 fidentem
1038 3459 1071 3516 ei
1088 3451 1193 3515 ssime
1214 3461 1247 3519 ei
1267 3452 1381 3519 viribus

394 3532 508 3593 misere
528 3533 662 3597 maiores
682 3536 790 3597 nostri.
823 3533 864 3596 ob
883 3532 1018 3595 eandem
1033 3550 1161 3598 mursam
1174 3536 1261 3601 baud
1281 3536 1379 3604 mullis

393 3623 482 3684 annis
497 3630 569 3691 nost
584 3618 682 3682 inisse
695 3634 757 3681 uon
772 3616 959 3695 negaverim,
981 3633 1038 3681 eur
1049 3620 1091 3681 ll
1105 3619 1234 3688 Valerio
1247 3639 1310 3687 uon
1324 3621 1375 3683 dil·
