3175 4559
728 504 894 574 ‚124
1087 492 1580 570 IJBERXXVI·
1623 482 1806 547 cAP.
1851 491 1982 548 19.
2020 490 2144 547 20.
2194 481 2272 555 [a.
2303 356 2598 526 Ust'ffll
2907 463 2911 472 '

2595 566 2610 598 ·
2906 595 2917 606 .

765 662 1071 721 maturae
1118 661 1373 715 tantam
1408 658 1616 709 rerum
1638 635 1905 697 molem
1957 638 2378 715 tantmnque
2414 602 2724 714 impfflbm
2748 641 2851 717 pet-
2920 627 2947 828 x

777 738 977 803 misit.

769 861 780 867 ψ
967 820 1077 879 'Ad
1095 834 1233 879 *eas
1266 816 1508 892 copias,
1539 821 1694 886 quas
1725 818 1815 863 ex
1849 813 2138 869 vetere
2171 808 2439 871 exercitu
2462 808 2746 885 Hispania
2771 806 2869 868 ha·

790 900 994 969 hebet
1034 916 1352 977 quaeque
1397 914 1437 958 a
1459 890 1733 956 Puteolis
1763 903 1935 949 cum
1973 891 2064 953 G.
2100 892 2357 955 Nerone
2381 894 2652 955 traiectae
2683 896 2877 967 erant,

810 989 1036 1049 decem
1064 984 1250 1044 milia
1278 982 1541 1043 militum
1569 983 1633 1037 et
1656 973 1830 1033 mille
1873 978 2181 1053 equites
2228 978 2548 1040 adduntur:
2590 982 2646 1038 et
2667 975 2748 1036 Μ.
2775 976 2879 1034 Iu-

814 1073 963 1141 nius
975 1067 1242 1129 Silanus
1267 1069 1645 1143 propraetor
1671 1057 1944 1119 adiutor
1972 1062 2077 1122 ad
2104 1078 2220 1123 res
2245 1063 2539 1139 gerendas
2560 1062 2727 1123 datus
2756 1065 2876 1119 est.

822 1165 911 1225 ita
938 1167 1080 1214 cum
1106 1150 1377 1224 triginta
1403 1146 1655 1209 navium
1684 1143 1912 1203 classe
1955 1174 2067 1189 ·—
2103 1161 2335 1209 omnes
2364 1155 2557 1210 autem
2583 1143 2874 1221 quinque-

822 1250 1033 1309 remes
1075 1235 1264 1293 erant
1309 1266 1401 1281 --
1442 1229 1622 1291 ostiis
1657 1226 1992 1289 Tiberinis
2044 1232 2387 1307 profectus
2426 1238 2656 1309 praeter
2699 1241 2870 1288 oram

826 1319 1016 1389 Tusci
1041 1316 1261 1390 maris,
1296 1316 1503 1393 Alpes
1532 1313 1719 1386 atque
1748 1309 2091 1374 Gallicum
2126 1316 2339 1378 sinum
2367 1324 2427 1378 et
2451 1314 2662 1377 deinde
2682 1310 2866 1391 Pyre-

834 1405 981 1477 naei
1008 1402 1477 1463 circumvectus
1507 1396 2026 1476 promuntorium
2042 1444 2061 1471 ,
2113 1398 2433 1478 Emporiis
2470 1399 2615 1472 urbe
2642 1396 2866 1458 Graeca

848 1526 926 1541 ..-
971 1483 1220 1549 oriundi
1265 1490 1334 1543 et
1372 1482 1499 1559 ipsi
1542 1496 1581 1541 a
1617 1476 1922 1541 Phocaea
1965 1490 2131 1544 sunt
2169 1516 2266 1534 --
2315 1486 2526 1562 copias
2575 1478 2862 1560 exposuit.

842 1574 995 1645 inde
1022 1562 1205 1641 sequi
1232 1566 1512 1636 navibus
1554 1563 1750 1625 iussis
1776 1563 2232 1629 Tarraconem
2270 1569 2532 1647 pedibus
2571 1564 2860 1643 profectus

850 1656 1229 1725 conventum
1260 1649 1545 1710 omnium
1567 1647 1890 1709 sociorum
1918 1680 2014 1694 —-
2045 1654 2292 1713 etenim
2321 1652 2649 1731 legationes
2677 1647 2755 1709 ad
2779 1645 2858 1704 fa-

850 1756 1019 1809 mam
1047 1734 1184 1797 eius
1212 1747 1297 1791 ex
1329 1732 1503 1793 omni
1532 1744 1606 1792 se
1634 1730 1971 1808 provincia
1999 1733 2372 1799 effuderant
2396 1770 2482 1783 ——
2506 1732 2726 1797 habuit.
2765 1746 2861 1790 na-

854 1840 973 1885 ves
1001 1820 1087 1881 ibi
1116 1814 1389 1876 subduci
1417 1815 1608 1876 iussit
1631 1814 1923 1877 remissis
1957 1826 2270 1891 quattuor
2294 1819 2634 1883 triremibus
2658 1814 2862 1877 Massi-

858 1906 1178 1973 liensium,
1201 1912 1392 1994 ‚quae
1420 1898 1618 1959 Officii
1648 1914 1844 1961 causa
1873 1899 1955 1960 ab
1987 1902 2192 1975 domo
2225 1912 2596 1982 prosecutae
2623 1903 2861 1963 fuerant.

858 1998 1175 2065 responsa
1200 1981 1350 2041 inde
1372 1981 1795 2057 legationibus
1818 1988 2169 2063 suspensis
2194 1992 2500 2051 varietate
2523 1995 2612 2049 tot
2632 1998 2858 2047 casuum

866 2077 1017 2137 dare
1056 2065 1266 2141 eoepit
1305 2065 1392 2126 ita
1418 2067 1589 2127 elato
1619 2069 1701 2129 ab
1740 2068 1979 2145 ingenti
2006 2071 2338 2137 virtutium
2368 2088 2616 2137 suarum
2656 2066 2859 2131 fiducia

866 2156 1074 2217 animo
1087 2198 1107 2235 ,-
1164 2154 1235 2208 ut
1278 2148 1515 2226 nullum
1567 2151 1753 2213 ferox
1801 2153 2065 2227 verbum
2117 2160 2480 2233 excideret,
2542 2158 2858 2231 ingensque

866 2234 1154 2301 omnibus
1201 2244 1362 2304 quae
1413 2231 1659 2295 diceret
1708 2250 1854 2299 cum
1904 2239 2208 2304 maiestas
2265 2244 2503 2305 inesset
2539 2246 2664 2300 tum
2701 2236 2857 2305 fides.
2966 2265 2970 2276 ι

862 2317 993 2381 XX·
1035 2314 1353 2409 profectus
1396 2314 1476 2373 ab
1504 2314 1869 2411 :ljarracone
1912 2331 1976 2385 et
2016 2326 2312 2391 civitates
2353 2327 2664 2390 sociorum
2702 2328 2758 2382 et
2780 2318 2854 2378 hi·

862 2405 1061 2493 berna
1087 2402 1399 2495 exemtus
1421 2397 1597 2474 adut,
1629 2404 2141 2489 collaudavitque
2163 2412 2415 2486 militeS,
2449 2409 2616 2486 quod
2641 2404 2852 2467 duabus

866 2487 1049 2545 tanus
1078 2482 1377 2555 de1nceps
1408 2482 1703 2548 cladibus
1733 2489 1840 2551 icti
1871 2496 2266 2570 provinciam
2297 2492 2714 2565 obtinuissent,
2752 2500 2850 2552 nec

862 2569 1126 2629 fructum
1158 2562 1576 2626 secundarum
1621 2586 1843 2635 rerum
1873 2580 2103 2655 sentire
2129 2582 2355 2643 hostes
2386 2578 2556 2657 passi
2587 2574 2743 2636 omni
2768 2571 2844 2632 cis

858 2641 1154 2709 ffibefflm
1196 2661 1357 2743 agro·
1391 2662 1504 2707 eos
1548 2656 1954 2739 arcuissent,
1999 2665 2344 2743 sociosque
2374 2678 2510 2723 cum
2539 2660 2664 2722 fide
2699 2652 2844 2720 tutati
