3175 4559
400 460 453 523 ,aa
552 460 667 523 umus
678 456 783 521 xxv.
807 448 1082 517 naasaaase.
1103 411 1351 515 taus-⁵⁴³0]

412 616 494 676 duce
507 615 623 677 amisso
637 614 705 674 fieri
720 616 849 687 coepta
864 613 936 669 esta
963 594 1147 697 contami
1157 542 1464 736 fldfffiss'fflffil.

412 697 651 757 tntauunruas
666 698 862 769 renumque
878 703 1052 753 amoram
1067 686 1125 748 aua
1138 655 1267 749 anati,
1308 665 1368 737 ud
1432 735 1467 789 ο,

414 780 482 839 cilis
497 787 577 853 arat,
598 778 804 854 ita-euagone
819 782 957 839 tanam
974 772 1119 851 equitum
1131 744 1331 847 aequantium
1361 752 1467 883 diues

413 862 578 923 velocitate
598 863 737 938 peditum
758 862 822 921 vix
846 864 1031 937 paternum
1055 857 1200 937 caesique
1219 862 1314 951 prope
1341 840 1433 928 plus

413 945 446 1004 in
460 944 536 1019 iuga
556 959 646 1018 quam
661 943 692 1003 in
707 960 826 1020 pugna
844 950 943 1017 sunt,
968 957 1036 1003 nee
1051 944 1253 1019 superfuisset
1267 926 1466 1021 quisqutifflt

414 1028 446 1086 ni
461 1027 621 1101 praecipiti
635 1027 694 1087 iarn
709 1028 753 1089 ad
769 1042 964 1102 vesperum
981 1028 1039 1087 die
1053 1044 1119 1089 nox
1132 1026 1346 1090 intervenisset

500 1109 621 1169 XXXV.
643 1110 735 1171 Haud
756 1112 915 1185 segniter
940 1112 1023 1171 inde
1040 1112 1138 1174 duces
1153 1112 1243 1175 Poeni
1256 1110 1388 1175 tantuna
1403 1106 1463 1180 usi

415 1192 579 1252 confestim
593 1207 613 1254 a
627 1194 767 1269 proelio,
787 1196 850 1255 vix
867 1196 1070 1256 necessaria
1086 1198 1188 1273 quieta
1201 1199 1268 1258 data
1275 1194 1455 1289 militibus,

415 1274 456 1335 ad
468 1274 695 1338 Hasdrubalem
708 1276 916 1340 Hamilcaris
941 1279 1078 1341 citatum
1098 1296 1204 1357 agmen
1219 1286 1354 1361 raptant,
1374 1299 1450 1349 non

414 1357 511 1418 dubia
531 1375 604 1434 spc,
627 1376 699 1439 cum
712 1376 751 1421 se
768 1363 1055 1439 coniunxissent,
1078 1365 1223 1427 debellari
1238 1382 1342 1445 posse.
1374 1386 1443 1447 quo

414 1441 469 1501 ubi
484 1450 534 1503 est
546 1450 685 1516 ventam,
706 1445 794 1505 iuter·
810 1449 988 1509 exereitus
1006 1448 1171 1525 ducesque
1184 1448 1313 1516 victoria
1324 1454 1440 1515 recenti

413 1525 514 1583 laetos
530 1527 690 1598 gratulatio
704 1527 828 1604 ingens
846 1532 947 1606 iacta,
964 1531 1159 1605 imperatore
1173 1542 1257 1600 tanto
1274 1538 1436 1601 cumomni
1510 1578 1511 1587 κ

414 1607 554 1667 exercitu
573 1609 674 1669 deleto
694 1618 727 1669 et
747 1614 891 1673 alteram
914 1630 981 1691 pro
1007 1615 1095 1676 haud
1117 1618 1208 1681 dubia
1221 1636 1326 1699 parem
1340 1620 1428 1683 victo-
1510 1600 1511 1679 i

413 1690 491 1749 riam
517 1697 747 1764 exspectantes.
784 1696 832 1755 ad
854 1698 1032 1760 Romanos
1055 1703 1190 1764 nondum
1211 1708 1334 1785 quidem
1351 1704 1434 1767 fama

412 1776 516 1833 tantae
531 1773 628 1831 cladis
642 1785 849 1853 pervenerat,
866 1783 928 1843 sed
938 1788 1102 1845 maestam
1114 1790 1269 1863 quoddam
1281 1788 1430 1851 silentium

411 1860 480 1913 erat
494 1860 525 1914 et
538 1854 629 1915 tacita
642 1856 813 1935 manaae,
833 1866 941 1937 qualis
959 1866 1030 1951 iam
1045 1875 1309 1949 praesagientibus
1322 1872 1427 1934 numnis

411 1937 595 1999 imminentis
609 1939 681 1998 mali
694 1956 771 2001 esse
787 1948 887 2007 solet.
915 1950 1099 2025 imperator
1113 1954 1194 2035 ipse,
1218 1963 1426 2036 praeterquam

412 2020 496 2093 qaod
510 2020 549 2078 ab
560 2021 656 2080 sociis
667 2036 702 2081 se
713 2024 894 2101 desertum,
912 2032 1063 2095 hostium
1074 2044 1189 2103 tantum
1201 2048 1307 2105 auctas
1317 2040 1423 2115 coplas

409 2101 571 2173 sentiebat,
590 2103 771 2163 coniectura
786 2110 886 2170 etiam
902 2122 935 2175 et
950 2118 1082 2181 radone
1098 2126 1139 2185 ad
1152 2127 1355 2205 suspicionem
1369 2138 1422 2184 ac·

399 2188 520 2255 ceptae
534 2183 631 2243 cladis
647 2190 740 2259 quam
763 2190 810 2249 ad
833 2194 932 2257 ullam
953 2198 1077 2267 bonam
1096 2224 1184 2285 spem
1201 2210 1326 2289 pronior
1341 2214 1420 2267 erat:

404 2278 545 2335 quonam
566 2267 659 2327 modo
680 2268 764 2327 eninr
779 2270 1028 2345 Hasdrubalem
1045 2304 1083 2350 aa
1097 2292 1276 2373 Magonem,
1296 2289 1351 2355 nisi
1364 2290 1419 2351 dc·

387 2343 529 2441 iunctos
544 2362 603 2407 suo
618 2349 799 2421 bellasius
816 2365 996 2425 certamine
1012 2372 1174 2441 adducere
1188 2368 1418 2450 exercitum‘pa·
1510 2396 1511 2439 3

396 2433 524 2494 tuisse?
546 2446 608 2504 qao
628 2432 722 2493 moda
740 2444 859 2529 'autern
879 2460 944 2505 non
969 2450 1140 2523 adstitisse
1154 2470 1207 2525 aut
1220 2463 1258 2523 ab
1272 2452 1353 2533 tergo
1366 2470 1418 2519 se—
1510 2488 1511 2501 κ

394 2520 503 2577 catuna
521 2513 656 2589 tratrem,
671 2522 705 2575 ut
719 2532 748 2576 sr
763 2524 942 2593 prohibere
956 2548 1025 2607 quo
1037 2543 1145 2609 minus
1158 2549 1188 2607 in
1199 2560 1293 2607 unum
1304 2541 1419 2604 coirent

389 2602 422 2658 et
436 2597 544 2662 duces
559 2603 591 2689 et
604 2599 762 2659 exercitas
778 2602 923 2670 hosdem
941 2630 1010 2677 non
1025 2638 1157 2709 posset,
1173 2633 1241 2707 ipse
1256 2632 1335 2688 cerie
1347 2640 1418 2685 illm

390 2676 487 2743 iratae
504 2688 872 2759 ⁰⁰⁰¹11118⁰r⁶1⁰09iast
895 2693 945 2755 his
961 2706 1085 2771 anxius
1104 2717 1188 2777 curis
1203 2714 1234 2773 id
1245 2710 1334 2773 medo
1345 2722 1418 2769 esse

383 2759 730 2832 salutareinpraeseas
739 2771 1417 2875 credebal,cedereindequantamposseta
1510 2790 1511 2797 ’

381 2844 504 2908 ellade
520 2845 993 2939 unanoeteisnansnesauus
1008 2878 1416 2958 eroarnqatensurquan-
1510 2884 1511 2941 t

377 2928 443 2986 tum
456 2940 618 3017 emensus
634 2932 685 3018 est
696 2933 766 2989 ater.
786 2936 877 3028 ‘luae
891 2950 925 3003 ut
939 2962 1124 3025 senserunt
1141 2964 1298 3044 profectos
1311 2960 1416 3020 acuas
1510 2990 1511 2993 ,

375 3017 463 3100 ⁰⁸⁸⁰)
484 3019 686 3099 9¹³⁰m¹3⁸¹³
698 3008 853 3080 dumanas
877 3042 970 3100 quam
993 3048 1157 3111 poterant
1176 3046 1306 3109 marana
1327 3042 1416 3103 arato

367 3096 492 3153 ”effluo
512 3103 623 3159 sequl
647 3102 840 3188 ⁰00llqrunt.
871 3117 942 3171 ante
955 3130 1096 3189 noctem
1115 3128 1257 3193 adsecuti
1270 3124 1415 3190 Numidae

360 3174 445 3226 nunc
456 3174 497 3237 ab
519 3181 626 3243 tergo
642 3186 726 3233 nuuc
740 3193 776 3238 m
792 3182 899 3252 latera
911 3194 1141 3274 incursantes.
1165 3212 1331 3275 consistere
1345 3223 1415 3271 coe·
