3175 4559
303 626 447 693 liaberet,
475 611 568 672 binas
581 611 653 664 tres
671 595 852 673 praetores,
878 580 916 641 in
932 565 1075 637 Sicilia,
1105 559 1137 624 in
1153 561 1311 632 Sardinia
1335 579 1367 634 ea

107 261 126 725 Χ
291 473 367 542 aaa
442 425 562 526 nana
574 441 714 514 xxva.
737 429 947 500 canan
975 410 1219 494 vav-ears]

829 661 983 734 Etruria,
1009 653 1096 714 duas
1119 647 1153 723 Q.
1171 649 1309 715 Fulvius
1333 657 1366 718 in

306 707 418 777 Gallie,
441 678 759 761 evaseramus
779 674 811 733 in

306 789 450 858 Bnrttiis,
471 781 552 841 duas
567 773 605 846 Q.
622 760 781 830 claudius
803 755 887 818 eirea
908 743 1095 807 Tarentum
1116 739 1148 794 et
1166 733 1364 814 Salentinae,

307 889 404 939 anam
417 846 777 931 c.l10snlius·runulns
789 841 939 918 capuae;
966 827 1059 888 dnae
1072 816 1225 882 urbanae
1239 828 1274 884 ut
1287 823 1365 883 seri·

310 961 470 1020 narentur.
510 939 621 1021 primis
645 936 799 1012 quattuor
826 915 1023 999 legionibus
1046 903 1192 994 populus
1221 904 1361 968 tribunos
1486 911 1487 948 ἐ

313 1040 442 1111 creavit,
463 1034 497 1093 in
512 1030 638 1087 celeras
654 1015 810 1081 eonsules
824 1003 1004 1070 miserunt.
1270 1064 1272 1068 ‚

374 1172 375 1175 ,
400 1110 556 1181 xxxvll.
583 1106 780 1177 Priusquam
801 1089 961 1156 eonsules
985 1072 1280 1158 proficiscerentur,
1300 1090 1361 1136 no-

192 1199 201 1211 *
316 1202 476 1265 vendiale
495 1207 623 1256 sacrum
644 1187 719 1262 luit,
751 1181 826 1257 quia
847 1171 946 1236 Veiis
970 1167 1014 1227 de
1035 1157 1123 1222 eaelo
1145 1156 1357 1234 lapidaverat

318 1287 382 1348 aab
394 1285 491 1348 unius
504 1275 649 1356 prodigii,
663 1277 699 1333 ut
710 1269 755 1342 nt,
770 1260 974 1326 mentionem
989 1247 1054 1310 alia
1065 1257 1198 1320 quoquo
1210 1242 1358 1318 nuntiata,

320 1366 498 1431 Menturnis
519 1361 629 1422 aedem
649 1354 739 1417 lovis
757 1356 790 1412 et
811 1349 927 1418 lunum
949 1332 1107 1403 Marione,
1129 1326 1217 1388 item
1236 1327 1368 1387 Atellae·

323 1467 447 1514 murum
467 1454 502 1508 et
521 1448 642 1519 portam
657 1441 698 1499 de
713 1435 803 1498 eaelo
817 1433 918 1491 tanta.
954 1419 1219 1485 Menlarnenses,
1238 1410 1358 1470 terribi-

324 1537 387 1596 lius
402 1531 493 1608 quod
512 1532 611 1598 esset,
633 1519 811 1585 adiciebant
826 1503 1003 1585 sanguinis
1018 1500 1121 1561 rivum
1141 1495 1175 1554 in
1191 1499 1281 1571 porta
1294 1492 1358 1554 flu-

325 1618 426 1678 xisse.
459 1619 493 1673 et
508 1609 633 1686 Capuae
652 1607 747 1681 lupus
768 1604 864 1660 noete
888 1595 1020 1668 portam
1044 1583 1209 1656 ingressus
1231 1577 1358 1652 vigilem

330 1701 515 1759 laniaverat„
546 1693 626 1750 haee
640 1690 810 1766 procurata
824 1675 948 1739 hostiis
965 1663 1138 1732 maioribus
1154 1660 1305 1738 prodigia,
1323 1667 1356 1722 et

331 1777 521 1856 supplicatio
543 1774 626 1834 diern
645 1785 740 1833 unum
754 1767 811 1827 luit
832 1777 878 1822 ex
902 1759 1038 1820 decreto
1054 1747 1246 1826 pontifioum.
1277 1745 1356 1805 inde

331 1865 444 1924 iterum
458 1857 657 1922 novemdiale
671 1855 892 1920 instauratum,
918 1839 1010 1916 quod
1025 1837 1059 1896 in
1074 1831 1256 1894 Armilustro
1272 1827 1357 1904 lapi·

330 1945 424 2006 dibus
444 1945 550 2003 visum
570 1941 687 2016 pluere.
719 1935 874 1995 liberatas
897 1923 1058 1998 religione
1079 1921 1197 1976 menies
1218 1910 1355 1974 turbavit

330 2042 441 2087 mrsas
453 2017 930 2085 nunuatumrnaaonenatem
942 2007 1096 2067 infantem
1108 2013 1181 2060 esse
1188 1994 1355 2071 quadrimo

332 2121 456 2180 palem,
484 2120 544 2165 nee
568 2102 779 2179 magnitudine
799 2104 870 2158 tam
893 2089 1076 2152 mirandum
1097 2097 1189 2160 quam
1211 2077 1295 2156 quod
1322 2079 1355 2138 is

332 2201 477 2280 illoque,
499 2195 534 2247 ut
547 2185 720 2247 Sinuessae
735 2180 867 2243 monnio
886 2182 970 2249 ante,
990 2173 1146 2240 incertus,
1168 2179 1234 2226 mas
1247 2177 1287 2221 an
1303 2162 1354 2222 le-

327 2281 414 2360 1131312
427 2277 521 2344 esset
537 2276 633 2330 natus
646 2274 723 2328 erat
755 2266 789 2326 id
804 2277 890 2324 vero
906 2255 1098 2333 haruspices
1112 2267 1153 2311 ex
1165 2245 1283 2309 Etruria
1297 2261 1355 2306 ao·

323 2352 380 2406 ertr
395 2349 521 2413 foedum
537 2368 580 2414 ae
595 2359 687 2428 turpe
708 2347 897 2427 prodigium
913 2344 1037 2414 dicere,
1060 2341 1184 2397 extorre
1197 2345 1269 2405 agro
1284 2329 1356 2392 Ro·

325 2442 428 2505 ΜΟ,
450 2437 566 2508 procul
582 2443 687 2498 terrae
701 2437 864 2503 anomala,
883 2427 948 2488 alto
963 2419 1176 2498 mergendum.
1197 2413 1302 2474 vivum
1318 2413 1357 2474 in

322 2523 429 2574 meam
440 2521 632 2614 condidere,
647 2522 908 2596 provectumque
922 2511 954 2569 in
965 2521 1054 2568 mare
1069 2502 1269 2580 proiecerunt.
1295 2497 1357 2556 de-

318 2607 450 2658 fflere
463 2608 538 2662 nent
550 2603 740 2678 pontifices,
756 2605 790 2659 ut
799 2595 949 2671 virgines
960 2599 1007 2652 ter
1018 2599 1161 2650 novenae
1173 2597 1227 2658 per
1238 2579 1358 2640 urbem

315 2682 428 2770 0911108
448 2697 584 2746 eormen
611 2689 772 2744 canerent.
804 2680 842 2739 id
865 2683 941 2738 eum
962 2675 994 2734 in
1014 2671 1100 2734 Iovis
1119 2663 1247 2728 Statoris
1268 2663 1358 2723 aede

314 2755 472 2859 ‘¹¹⁸⁰{0r9nt
485 2768 663 2829 eonditum
677 2766 721 2826 ab
736 2761 828 2824 Livio
844 2767 948 2838 poeta
962 2770 1096 2824 carmen,
1112 2754 1192 2812 taem
1205 2747 1245 2806 de
1262 2747 1358 2808 eaelo

309 2840 401 2904 aedis
422 2862 455 2906 rn
468 2850 649 2912 Aventino
663 2847 796 2910 Iunonis
817 2845 973 2920 raginam
995 2835 1233 2916 prodigiumque
1255 2828 1289 2888 id
1310 2830 1360 2890 ad

307 2931 467 3026 maeones
480 2934 664 3010 pertinere
676 2929 877 3002 haruspices
895 2942 967 2986 curn
980 2919 1219 2997 respondissent
1251 2913 1360 2974 dono·

300 3021 377 3104 que·
388 3011 493 3106 <ilvam
510 3014 728 3092 placandam
749 3025 842 3082 esse,
868 3007 1021 3068 aedilium
1036 3001 1185 3064 eurulium
1201 2996 1307 3058 edielo
1323 2997 1363 3059 in

300 3085 486 3187 Capitolium
504 3101 748 3168 convocatae,
772 3092 899 3168 quibus
915 3089 948 3149 in
963 3089 1040 3149 urbe
1054 3087 1196 3145 Romana
1210 3081 1364 3158 intraque

222 3217 224 3221 ·
297 3167 451 3270 deplutum
460 3180 636 3258 lapidem
652 3179 692 3238 ab
707 3176 787 3237 urbe
803 3173 973 3236 donnioilia
985 3174 1101 3239 essent,
1118 3167 1208 3240 ipsae
1222 3163 1306 3225 inter
1322 3182 1364 3227 se

293 3267 433 3338 qumque
445 3272 480 3327 et
497 3261 642 3340 viginti
659 3260 866 3334 delegerunt,
887 3256 933 3316 ad
949 3269 1027 3328 quas
1042 3266 1082 3309 ex
1098 3247 1225 3308 delibus
1241 3248 1365 3324 stipem

285 3343 474 3430 sentement.
492 3347 603 3409 inde
614 3344 740 3404 donum
745 3341 856 3418 pelvis
869 3352 970 3400 aurea
980 3337 1061 3394 laeta
1071 3333 1198 3404 lataque
1211 3330 1243 3388 in
1251 3331 1367 3394 Aven-

280 3419 394 3501 ‘lnam
414 3447 509 3509 pure
528 3432 718 3500 casteque
732 3440 752 3484 a
766 3420 929 3484 matronis
946 3415 1165 3478 sacrificatum.
1190 3414 1369 3478 eonlestlm

274 3501 317 3560 Μ
336 3513 421 3578 aliud
444 3508 694 3578 sacnficlum
719 3507 829 3567 eidem
852 3504 951 3563 divae
977 3500 1017 3558 ab
1039 3493 1229 3555 decemviris
1257 3498 1371 3562 edicta

268 3575 345 3667 αἱ08,
367 3601 465 3663 cuius
486 3593 612 3658 ordo
632 3589 709 3648 talis
722 3588 798 3647 luit:
823 3585 865 3648 ab
882 3583 967 3644 aede
981 3576 1135 3654 Apollinis
1149 3575 1261 3637 boves
1276 3581 1373 3644 lerni.

265 3671 327 3732 ΜΘ
345 3683 441 3746 albae
459 3683 587 3744 duae
611 3677 715 3747 porta
730 3666 927 3730 conuentali
949 3663 983 3723 in
1002 3660 1110 3722 urbem
1125 3659 1259 3742 duone.
1295 3674 1376 3740 post
